1961 3202
478 185 865 223 SEQUESTRAT10N‚
898 185 1034 215 mrim
1042 185 1231 223 MATION,
1264 185 1356 215 Ero.
1612 177 1630 214 1
1640 175 1661 215 7
1669 174 1690 214 7

144 288 371 330 missarum
404 290 652 345 solempnia,
683 305 780 330 cum
816 290 951 331 maior
979 290 1119 331 aderit
1152 290 1255 331 cleri
1287 296 1332 331 et
1364 289 1510 345 populi
1545 289 1692 330 multi-

146 359 262 407 tudo,
294 360 473 401 candela
507 376 695 409 accensa,
728 375 938 415 campana
976 360 1099 416 pulsa
1131 366 1175 401 et
1207 375 1331 401 cruce
1364 361 1405 401 in
1442 363 1511 401 via
1539 366 1694 409 erecta,

143 428 313 482 publice
347 436 391 469 et
422 429 703 484 solempniter
733 430 1007 471 denuncietis
1040 429 1082 470 in
1115 445 1284 485 genere.
1348 429 1413 470 De
1446 429 1694 470 nominibus

144 513 241 538 vero
284 499 466 549 illorum,
500 516 606 555 quos
649 516 723 556 per
766 500 1107 555 inquisicionem,
1143 515 1269 555 quam
1310 515 1386 554 per
1423 514 1495 540 vos
1534 499 1576 539 in
1615 499 1693 539 hac

143 574 265 623 parte
298 570 389 610 fieri
420 571 618 611 volumus
647 578 691 612 et
722 571 987 619 mandamus,
1010 570 1246 625 culpabiles
1276 570 1318 610 in
1352 570 1430 610 hac
1460 575 1594 624 parte,
1617 584 1690 610 seu

143 637 319 679 infamia
356 655 569 695 respersos
612 655 703 681 esse
746 640 1011 689 inveneritis,
1049 640 1171 680 nobis
1210 640 1252 680 in
1291 639 1472 680 ecclesia
1509 639 1584 679 tali
1623 638 1692 679 die

141 715 337 749 constare
361 710 537 750 faciatis,
602 710 765 751 Datum
792 710 1113 763 (³21.nt[‹2brigio]
1136 714 1216 751 etc,

229 813 434 854 officialis
473 820 551 855 etc.
589 814 692 869 quia
728 813 851 853 nobis
888 828 963 867 per
1001 813 1139 853 virum
1179 811 1447 866 fidedignum
1492 812 1523 852 I.
1555 811 1609 852 de
1646 812 1692 852 T.

141 883 280 923 fuerat
302 891 570 938 suggestum,
592 884 704 938 quod
731 883 906 938 quidam
932 882 1009 922 filii
1032 882 1289 936 iniquitatis,
1311 897 1494 937 quorum
1518 882 1694 922 nomina

140 960 183 993 et
214 969 393 1008 persone
424 955 619 1009 penitusl
652 955 918 1009 ignorantur,
949 952 1001 993 de
1032 952 1085 1006 .ij.
1117 952 1238 1006 equis
1268 953 1448 992 noctat¹2
1476 957 1521 992 et
1550 952 1692 992 dolose

139 1038 239 1064 eum
263 1024 555 1078 depredarunt
578 1031 622 1064 et
652 1024 711 1064 sic
740 1022 1006 1064 sentenciam
1037 1021 1208 1062 maioris
1231 1020 1693 1062 excommunicacionis

140 1093 231 1148 ipso
274 1094 385 1134 facto
428 1094 712 1135 incurrerunt.
796 1092 1007 1144 Quocirca
1053 1091 1391 1131 vobis'firmiter
1425 1091 1692 1147 iniungendo

140 1163 407 1213 mandamus,
446 1164 651 1219 quatinus
694 1162 866 1204 eosdem
912 1162 1208 1202 malefactores
1246 1161 1306 1201 sic
1346 1161 1475 1202 fuisse
1514 1169 1560 1202 et
1601 1176 1691 1202 esse

138 1233 543 1283 excommunicatos,
575 1232 729 1274 diebus
760 1231 987 1273 dominicis
1021 1233 1133 1271 intra
1166 1231 1395 1271 missarum
1425 1230 1692 1285 sollempnia,

139 1310 182 1343 et
214 1303 310 1344 aliis
342 1303 495 1344 diebus
526 1303 703 1351 festivis,
730 1302 1017 1350 denuncietis,
1044 1316 1118 1342 seu
1149 1300 1401 1342 denunciari
1432 1300 1611 1349 faciatis,
1642 1306 1692 1341 ut

138 1387 187 1412 eo
218 1373 424 1414 libentius
453 1379 497 1414 et
527 1373 758 1429 benignius
788 1372 840 1413 ad
871 1371 1085 1427 gremium
1117 1371 1294 1411 ecclesie
1324 1385 1368 1411 se
1399 1370 1693 1424 convert[ant]

139 1443 202 1496 [et
225 1443 301 1496 sic]
326 1443 637 1498 per[hib]eant,
661 1448 789 1498 prout
812 1442 948 1490 decet,
972 1447 1016 1482 et
1040 1441 1281 1481 intendant.
1346 1440 1511 1481 Datum
1535 1446 1612 1482 etc.

226 1547 441 1588 Iohannes
467 1548 519 1589 de
543 1549 587 1588 T.
611 1547 687 1588 ci'.‘”¹
780 1546 987 1588 Officialis
1017 1551 1096 1587 etc.
1161 1545 1324 1587 Contra
1353 1560 1501 1585 onmes
1531 1550 1576 1586 et
1607 1545 1691 1585 sin-

227 1616 470 1657 VVillelmus
493 1617 545 1657 de
569 1616 610 1658 S.
634 1617 695 1657 ci’.
836 1617 959 1671 gulos
1001 1630 1185 1670 quorum
1229 1615 1405 1655 nomina
1447 1614 1491 1654 in
1539 1614 1692 1655 cedula

225 1686 411 1727 Thomas
434 1687 485 1727 de
510 1686 552 1727 F.
576 1686 637 1727 ci’.
726 1740 731 1744 ³
840 1685 1111 1740 presentibus
1173 1699 1343 1725 annexa
1400 1684 1692 1733 continentur,

139 1765 263 1811 prout
298 1757 342 1797 in
376 1757 525 1797 eodem
559 1756 842 1812 specificatur,
871 1755 1064 1797 debitam
1101 1754 1269 1795 faciatis
1302 1755 1619 1803 execucionem,
1647 1759 1691 1794 et

138 1827 304 1867 scitetis
346 1827 442 1880 [sic]
485 1827 657 1868 eosdem
696 1825 1037 1881 peremp[torie],
1074 1824 1189 1880 quod
1232 1831 1510 1879 compareant
1548 1839 1689 1864 coram

139 1896 261 1938 nobis
284 1897 362 1937 tali
384 1896 465 1937 die.
529 1897 585 1937 Et
607 1896 710 1951 quid
735 1896 835 1936 iude
859 1894 1048 1936 feceritis
1071 1894 1201 1949 [etc.].

664 1999 790 2040 litera
812 2013 889 2053 pro
913 1997 1141 2053 perdinaro

226 2071 433 2113 Officialis
471 2077 549 2111 etc.
584 2069 781 2111 discretis
819 2069 922 2109 viris
959 2067 1161 2108 omnibus
1199 2073 1242 2108 et
1284 2066 1468 2121 singulis
1505 2064 1693 2114 decanis,

139 2142 386 2191 rectoribus,
422 2140 600 2189 vicariis,
632 2146 676 2180 et
713 2139 947 2194 capellanis
985 2138 1315 2193 parochialibus,
1347 2152 1395 2178 ac
1431 2136 1474 2176 in
1513 2135 1689 2191 capellis

137 2212 284 2252 divina
345 2211 705 2266 qualitercunque
767 2207 1099 2257 celebrantibus,
1159 2222 1232 2261 per
1288 2206 1688 2247 archidiaconatum

139 2282 354 2322 Eliensem
394 2279 643 2321 constitutis
684 2279 870 2320 salutem
911 2278 955 2318 in
992 2277 1191 2318 Domino.
1254 2276 1388 2317 Vobis
1425 2282 1470 2317 et
1507 2275 1689 2317 cuilibet

138 2359 326 2393 vestrum
362 2351 405 2390 in
439 2349 602 2390 virtute
632 2347 882 2389 obediencie
912 2347 1095 2387 firmiter
1124 2345 1391 2401 iniungendo
1422 2344 1688 2394 mandamus,

136 2421 356 2477 quatinus,
386 2435 482 2460 cum
517 2418 701 2459 nuncius
734 2417 960 2472 hospitalis
993 2415 1131 2456 sancti
1165 2415 1348 2456 Antonii
1380 2415 1433 2456 de
1468 2414 1687 2463 Viennia³‚

137 2494 246 2534 lator
275 2490 560 2547 presencium,
582 2489 636 2530 ad
667 2503 752 2538 vos,
779 2488 845 2528 vel
878 2487 931 2528 ad
965 2486 1153 2541 aliquem
1190 2492 1394 2535 vestrum,
1424 2486 1467 2525 in
1500 2484 1688 2525 ecclesiis

136 2578 209 2604 seu
234 2560 410 2616 capellis
434 2559 586 2600 vestris
604 2558 782 2605 venerit,
800 2557 978 2613 negocia
995 2556 1101 2596 dicti
1122 2555 1346 2611 hospitalis
1363 2553 1709 2609 expositur[us],·

137 2634 278 2688 ipsum
308 2631 495 2685 benigne
525 2637 568 2670 et
597 2644 695 2669 cum
728 2628 845 2669 omni
878 2627 1033 2674 favore,
1061 2625 1215 2667 diebus
1246 2624 1486 2672 dominicis
1516 2631 1560 2664 et
1593 2623 1689 2664 aliis

137 2703 316 2750 festivis,
336 2701 452 2741 intra
476 2699 703 2739 missarum
726 2697 948 2745 solemnia,
970 2711 1018 2737 ac
1041 2695 1137 2747 aliis
1160 2695 1285 2744 horis,
1309 2693 1554 2735 admittatis
1578 2698 1621 2734 et
1645 2692 1688 2733 in

136 2772 406 2828 exposicione
430 2769 704 2824 negociorum
729 2766 978 2807 huiusmodi
997 2765 1220 2821 pacificam
1238 2763 1509 2806 audienciam
1530 2763 1688 2804 habere

267 2875 277 2894 1
304 2875 377 2905 MS.
397 2872 585 2913 peremtus.
799 2869 811 2887 2
836 2870 918 2906 Ἥρῃ.
941 2870 1122 2898 nocturne.
1322 2866 1334 2885 ²³
1359 2865 1486 2896 citetur
1496 2864 1550 2905 (27).

227 2948 352 2978 C-A.S.
375 2949 499 2977 octavo
519 2945 636 2975 Series.
687 2943 749 2975 No.
768 2941 938 2974 XLVIII.
1563 2937 1602 2966 12
