1961 3202
380 180 733 222 ARCHDEACON's
766 192 1089 224 JUlzlsme'rloN
1128 194 1176 224 IN
1214 194 1495 225 UNIVERslTY
1663 184 1715 224 23

163 297 288 352 quod,
312 298 503 339 volentes
534 299 716 340 lnaliciis
743 298 969 340 hominum
993 299 1180 350 obviare,
1203 300 1465 355 precipimus
1491 299 1572 340 sub
1606 312 1717 353 pena

165 367 639 417 excominuliicacimiis,
693 368 846 423 nequis
888 384 1152 423 quemquam
1208 376 1256 410 ut
1308 369 1513 410 scolarem
1566 374 1716 409 contra

167 439 393 476 memorati
422 437 578 477 statuti
611 445 804 478 tenorem
836 438 950 479 tueri
980 438 1043 478 vel
1075 439 1262 479 favorem
1294 438 1376 479 sibi
1406 444 1457 479 ut
1486 437 1637 478 scolari
1667 436 1711 477 in

165 505 309 560 aliquo
344 507 519 560 prebere
558 515 792 562 presumat.
872 508 939 556 Et,
974 508 1077 563 quia
1119 508 1295 549 ecclesie
1332 514 1475 550 nostre
1518 507 1712 560 dyocesis

168 575 289 616 nobis
340 582 383 616 et
437 577 751 619 Archidiacono
805 584 949 618 nostro
994 585 1096 619 sunt
1142 579 1348 628 subiecte‚
1395 579 1577 620 scolares
1618 593 1716 619 vero

168 646 463 687 universitatis
518 648 710 689 eiusdem
761 647 946 688 subsunt
999 646 1268 689 Cancellario
1328 654 1578 699 memorato,
1622 662 1716 702 pre-

166 716 351 772 cipimus
384 722 428 758 et
464 717 730 767 mandamus,
756 717 868 772 quod
903 717 1146 758 sacerdotes
1186 717 1367 759 scolares
1399 718 1442 758 in
1487 718 1715 772 utriusque

168 787 387 842 presencia
421 787 485 827 vel
519 787 707 842 ipsorum
744 787 855 827 vices
887 787 1137 842 gerencium
1168 802 1297 842 super
1328 803 1407 828 sua
1438 788 1714 829 ordinacione

166 858 483 907 examinentur,
526 864 571 899 et
605 857 913 912 approbentur,
947 857 1014 898 vel
1049 858 1347 913 reprobentur,
1394 866 1522 914 prout
1565 858 1717 915 dingni

168 928 232 969 vel
267 927 466 983 indingni
501 928 663 982 reperti
701 928 874 969 fuerint.
948 929 1003 968 Et
1047 944 1099 969 nc
1145 929 1210 970 ius
1253 936 1446 970 nostrum
1495 929 1713 985 negligere

168 998 401 1047 videamur,
422 999 497 1053 qui
522 998 627 1039 alios
656 998 699 1038 in
730 1013 806 1039 sua
833 998 1007 1038 iusticia
1037 999 1325 1048 confovemus,
1359 999 1606 1040 inhibemus
1635 999 1716 1041 sub

168 1084 279 1123 pena
321 1067 798 1115 excommunicacionis,
842 1083 972 1122 quam
1013 1068 1189 1109 veniens
1233 1069 1275 1108 in
1318 1068 1580 1109 contrarium
1626 1068 1717 1123 ipso

165 1140 276 1180 facto
298 1139 502 1188 incurrat,
526 1155 579 1180 ne
605 1140 827 1180 memorati
851 1138 1144 1181 Cancellarius
1175 1145 1219 1180 et
1249 1139 1519 1187 universitas,
1542 1138 1713 1180 divisim

167 1210 232 1250 vel
265 1210 542 1258 coniunctim,
575 1210 684 1250 clam
724 1210 789 1251 vel
828 1210 983 1264 palam,
1016 1209 1183 1264 aliquid
1222 1209 1404 1258 ordinet,
1438 1209 1505 1250 vel
1547 1214 1717 1250 statuat

165 1280 294 1329 edita,
330 1281 395 1321 vel
432 1286 602 1321 statuta
639 1280 887 1321 huiusmodi
930 1280 1142 1330 observet,
1178 1280 1243 1322 vel
1285 1280 1445 1322 servari
1479 1280 1622 1329 faciat,
1666 1280 1706 1319 in

165 1351 451 1406 preiudicium
505 1358 647 1392 nostre
701 1350 1015 1392 iurisdiccionis
1073 1366 1147 1392 seu
1210 1350 1517 1391 Archidiaconi
1576 1350 1711 1391 nostri

166 1420 375 1475 Elycnsis,
410 1420 533 1461 nobis
575 1420 825 1475 specialiter
868 1420 1142 1469 inconsultis,
1195 1425 1240 1461 et
1293 1435 1377 1461 non
1432 1407 1716 1474 prebentibus

164 1504 384 1530 assensum
409 1489 658 1530 huiusmodi
673 1489 865 1538 statutis,
886 1489 953 1529 vel
969 1489 1102 1530 ctiam
1126 1488 1383 1530 statuendis.
1432 1488 1717 1530 Deccrnimus

164 1560 278 1600 enim
304 1559 477 1600 irritum
510 1566 553 1600 et
580 1560 720 1609 inane,
745 1559 952 1615 quicquid
985 1565 1135 1600 contra
1166 1559 1274 1600 hanc
1298 1564 1489 1600 nostram
1523 1558 1713 1614 prohibi-

164 1629 329 1670 cionem
354 1645 379 1670 a
401 1644 618 1684 ‹pioquam
642 1630 834 1684 ipsorum
858 1629 990 1670 fuerit
1013 1634 1342 1684 attemptatum.
1405 1627 1475 1669 Ad
1500 1629 1590 1678 hec,
1612 1629 1715 1684 quia

165 1699 406 1740 iurisdiccio
428 1700 534 1741 dicti
557 1700 863 1741 Archidiaconi
887 1717 911 1741 a
933 1700 1234 1741 iurisdiccione
1265 1700 1421 1755 prefati
1446 1699 1715 1748 Cancellarii,

165 1778 254 1811 tam
278 1770 445 1810 racione
468 1776 769 1811 contractuum
788 1786 918 1825 quam
944 1786 1236 1825 personarum,
1254 1785 1302 1811 ac
1325 1769 1459 1810 eciam
1478 1785 1717 1818 causarum,

166 1840 329 1895 liquido
353 1846 418 1881 est
440 1840 658 1889 distincta,
682 1856 730 1880 ac
753 1846 921 1881 constet
944 1846 1180 1894 utrumque
1199 1854 1288 1880 esse
1313 1839 1437 1880 nobis
1462 1839 1714 1880 immediate

164 1911 421 1960 subiectum,
445 1911 646 1952 nolumus
668 1911 809 1965 ipsum
845 1911 1222 1959 Arc-hidiaconum,
1248 1910 1312 1951 vel
1345 1925 1467 1951 suam
1492 1910 1715 1958 familiam,

166 1982 432 2024 Cancellario
456 1982 648 2037 predicto
670 1981 714 2021 in
738 1981 882 2035 aliquo
905 1981 1091 2029 subesse,
1116 1996 1193 2022 nec
1216 1980 1358 2035 ipsum
1383 1980 1716 2029 Cancellarium,

166 2052 230 2093 vel
264 2067 386 2093 suam
417 2052 637 2101 familiam,
670 2052 712 2092 in
740 2050 884 2106 aliquo
914 2051 1087 2091 subesse
1120 2049 1434 2091 Archidiacono
1468 2056 1716 2098 memorato,

164 2131 230 2164 set
254 2129 436 2177 uterque
470 2123 633 2163 virtute
656 2122 826 2177 proprie
858 2121 1088 2176 potestatis
1114 2136 1235 2162 suam
1266 2121 1481 2176 propriam
1506 2121 1713 2163 familiam

164 2193 349 2249 corrigat
371 2193 507 2248 ipsam
531 2192 585 2234 ad
609 2192 714 2233 iuris
744 2193 913 2247 regulas
944 2192 1198 2233 reducendo.
1261 2192 1332 2232 Ita
1353 2191 1481 2246 quod,
1504 2192 1537 2232 si
1571 2207 1714 2234 neces-

163 2264 323 2304 sarium
349 2264 480 2305 fuerit
502 2263 810 2318 sup[e]riorum
842 2263 1054 2304 auxilium
1086 2264 1127 2303 in
1154 2263 1247 2312 hiis,
1270 2262 1322 2303 de
1354 2262 1512 2317 quibus
1534 2262 1715 2304 ccclesia

165 2335 340 2383 iudicat,
372 2334 426 2375 ad
459 2349 545 2383 nos,
579 2334 644 2374 vel
677 2333 730 2374 ad
763 2333 986 2374 officialem
1027 2343 1219 2373 nostrum
1260 2347 1454 2374 recursus
1488 2332 1713 2382 habeatur,

163 2405 280 2445 salva
312 2404 433 2445 nobis
466 2411 510 2444 ct
542 2402 856 2444 successoribus
889 2402 1044 2443 nostris
1087 2408 1303 2457 potestate
1335 2400 1536 2450 addendi,
1571 2402 1714 2443 detra—

164 2474 308 2523 hendi,
350 2473 602 2529 corrigendi,
636 2473 850 2521 imitandi,
894 2473 955 2513 vel
1004 2473 1227 2514 minuendi
1270 2473 1552 2528 inposterum,
1599 2473 1713 2514 sicut

164 2545 286 2586 nobis
308 2550 352 2585 et
375 2543 478 2599 ipsis
503 2543 641 2584 visum
664 2543 797 2583 fuerit
820 2542 1031 2597 expedire.
1086 2542 1202 2583 Data
1224 2549 1269 2584 et
1298 2549 1394 2584 acta
1416 2557 1528 2583 anno
1550 2542 1712 2583 domini

165 2614 429 2656 M⁰.cc⁰.lxx¹¹¹⁰
451 2619 574 2654 sexto
595 2613 710 2667 apud
735 2612 966 2653 Dunhama
989 2613 1032 2653 in
1058 2612 1222 2654 octabis
1243 2612 1362 2654 beati
1387 2612 1623 2653 Michaelis.

916 2751 965 2804 [c.
992 2751 1122 2806 1500]
1155 2751 1342 2793 Thomas
1374 2751 1597 2806 Banl<[es].
