1961 3202
285 198 338 237 28
768 211 888 241 DUEs
921 213 1045 242 FROM
1078 213 1340 244 DEANERIES

284 315 513 356 manea11t;
546 315 599 358 et,
629 309 742 351 sicut
769 312 1058 367 extinguntur
1088 313 1167 354 hee
1196 314 1379 363 lucerne,
1414 315 1476 355 ita
1506 316 1821 370 extinguantur

281 379 423 419 anime
466 393 611 419 eorum
655 380 697 419 in
741 380 906 421 inferno
948 397 1047 423 cum
1089 383 1258 424 diabolo
1301 391 1345 424 et
1382 385 1548 440 angelis
1586 387 1692 434 eius,
1738 386 1818 425 nisi

281 446 531 500 resipiscant
553 453 597 488 et
629 447 682 488 ad
711 450 1049 492 satisfaccionem
1081 458 1124 492 et
1151 453 1504 495 emendacionem
1530 455 1816 510 condingnam

282 516 481 556 veniant:
514 516 614 557 fiat:
646 517 733 567 fiat,
754 534 892 560 amen.
955 520 1176 561 Psalmus:
1210 521 1329 562 Deus
1353 522 1585 571 ulcionum,
1608 529 1686 564 etc.

370 585 455 638 [miv
477 586 525 639 c.]
588 587 726 628 Amen
753 588 846 629 dico
871 588 987 629 vobis
1010 604 1139 644 super
1161 590 1305 631 omnia
1327 591 1439 632 bona
1462 607 1548 633 sua.

367 655 441 708 [F3
458 656 489 709 Ζ]
551 656 660 698 Cum
684 657 797 699 redit
820 658 991 700 october
1014 660 1192 701 indiccio
1214 662 1263 702 fit
1289 676 1397 701 nova
1418 676 1589 716 semper

368 724 567 775 Quatuor
588 732 718 782 atque
742 727 880 768 tribus
905 728 986 769 hiis
1009 735 1073 769 est
1096 729 1261 784 prelata
1284 730 1445 771 diebus.

367 793 568 835 videlicet
593 795 661 850 viij
688 796 770 836 kal’
794 797 1004 838 Octobris.

124 992 161 1032 p.
187 979 240 1017 54
278 974 336 1028 [T
334 974 398 1015 lats
421 989 531 1029 pay&
556 975 594 1015 is
617 990 711 1029 very
736 975 855 1017 ηιιισΙι
887 976 1050 1024 mahtai,
1072 977 1105 1018 it
1129 993 1226 1031 mags
1247 978 1291 1019 be
1320 978 1365 1018 in
1395 977 1459 1019 the
1485 993 1600 1020 sume
1626 978 1742 1019 hand
1773 994 1821 1019 as

956 1058 997 1097 p.
1032 1044 1133 1097 126]

277 1171 352 1225 [B]
414 1172 647 1227 Synodalia
761 1172 825 1213 De
844 1172 1056 1213 decanatu
1076 1172 1128 1212 de
1147 1172 1427 1228 Cantebrigia
1489 1174 1588 1228 xviij
1609 1189 1638 1215 5.
1694 1174 1764 1214 viii
1780 1174 1816 1215 d.

760 1242 825 1282 De
847 1242 1059 1282 decanatu
1082 1241 1134 1282 de
1165 1241 1339 1282 Brunne
1483 1242 1613 1296 xxviij
1632 1259 1660 1283 5.

761 1312 826 1352 De
858 1312 1069 1353 decanatu
1103 1311 1155 1352 de
1190 1312 1415 1353 Cestreton
1481 1313 1549 1366 xxj
1568 1328 1594 1353 5.

316 1380 345 1423 “ff
371 1395 604 1434 numquam
760 1381 825 1421 De
847 1380 1058 1421 decanatu
1086 1380 1138 1421 de
1163 1381 1323 1421 Berton
1482 1381 1582 1436 xxiij
1600 1398 1628 1422 5.
1652 1383 1681 1427 Ἥ
1704 1383 1763 1437 iiij
1781 1382 1818 1423 d.

316 1449 555 1503 solverunt]
761 1450 827 1490 De
850 1450 1062 1490 decanatu
1086 1450 1137 1489 dc
1162 1450 1357 1504 Senegey
1485 1451 1551 1505 xvj
1570 1467 1598 1491 5.
1623 1451 1684 1506 iiij
1702 1451 1739 1492 d.

704 1519 731 1557 {f
761 1519 826 1559 De
849 1518 1059 1560 decanatu
1080 1519 1131 1559 de
1156 1519 1235 1573 Ely
1486 1534 1508 1558 v
1524 1535 1551 1560 5.
1577 1519 1662 1573 xd.]

757 1589 786 1632 ‘J
811 1589 939 1630 debet
972 1588 998 1643 ij
1018 1605 1045 1629 5.
1080 1589 1141 1643 iiij
1159 1588 1217 1642 d.]

761 1659 870 1699 Vera
903 1658 996 1713 {Tvij
1019 1659 1058 1700 li.
1091 1658 1182 1713 xiiij
1200 1659 1249 1711 5.]

645 1820 650 1824 .
700 1789 727 1827 ss
754 1789 818 1829 De
842 1789 1051 1830 decanatu
1077 1789 1127 1829 de
1154 1789 1364 1843 VVysbech
1467 1789 1562 1843 xxvj
1582 1805 1608 1829 5.
1660 1789 1816 1843 νἫΠά,

752 1859 817 1899 De
851 1859 1058 1899 decanatu
1094 1858 1146 1898 de
1187 1858 1263 1911 Ely
1294 1858 1337 1898 111

852 1928 1050 1968 universo
1073 1929 1128 1977 (2)
1347 1927 1444 1980 xxxj
1462 1943 1491 1967 5.
1514 1926 1558 1981 iij
1579 1926 1616 1966 d.
1640 1927 1669 1970 'ii
1689 1927 1814 1980 ver-d.]

320 1997 496 2037 Denarii
753 1997 816 2036 De
839 1995 1051 2037 decanatu
1075 1995 1127 2036 de
1150 1995 1336 2049 Campes
1451 1995 1521 2034 lxx
1536 2011 1564 2035 5.
1581 1995 1619 2036 d.
1643 1996 1672 2040 Ἣ
1689 1996 1815 2048 vera]

385 2067 521 2107 sancti
538 2067 653 2107 Petri
749 2067 814 2106 De
837 2067 1049 2107 decanatu
1073 2066 1125 2107 de
1150 2066 1298 2106 Brunn
1453 2065 1476 2119 ij
1489 2081 1518 2106 5.
1541 2066 1568 2119 ij
1580 2065 1617 2105 d.
1640 2066 1669 2104 ἻῙ
1688 2066 1815 2119 vera]

752 2133 817 2174 De
839 2132 1051 2174 decanatu
1076 2132 1129 2173 de
1153 2133 1312 2173 Berton
1452 2132 1499 2172 15.
1516 2131 1575 2186 iiij
1588 2131 1625 2172 d.
1643 2133 1670 2176 Ἥ
1689 2132 1812 2185 vera]

750 2203 816 2244 De
839 2203 1049 2244 decanatu
1073 2201 1125 2243 de
1149 2202 1344 2256 Senegey
1470 2200 1539 2240 xlv
1555 2216 1583 2241 5.
1601 2200 1637 2255 vj
1656 2201 1692 2240 d.
1715 2201 1744 2240 ii
1759 2201 1815 2254 v.]

751 2272 817 2312 De
840 2271 1050 2312 decanatu
1076 2270 1128 2311 de
1151 2270 1378 2312 Cestreton
1502 2269 1645 2323 xxxvij
1666 2284 1694 2310 s.
1720 2269 1756 2323 vj
1775 2269 1812 2309 d.

750 2341 816 2382 De
849 2341 1129 2393 Chate1·iz(?)
1517 2339 1577 2393 iiij
1595 2354 1624 2380 5.

314 2411 379 2451 De
411 2412 622 2452 decanatu
750 2411 815 2451 De
840 2410 1060 2465 VVytlesey
1089 2416 1237 2449 sancta
1263 2409 1398 2449 Maria
1512 2423 1536 2448 v
1552 2423 1582 2449 5.

389 2481 440 2521 de
474 2480 552 2534 Ely
750 2480 815 2521 De
840 2480 1045 2534 Witlesey
1068 2487 1215 2520 sancto
1238 2478 1412 2519 Andrea
1514 2478 1553 2517 xl
1571 2477 1608 2518 d.

747 2549 776 2588 ‘ff
799 2549 864 2590 De
897 2548 1145 2603 Dodington
1516 2547 1551 2601 vj
1569 2546 1619 2599 5.]

747 2617 813 2658 De
846 2617 1080 2672 Wysebech
1511 2616 1565 2656 di.
1601 2630 1737 2655 marce

313 2687 378 2727 De
410 2686 619 2727 decanatu
748 2686 812 2726 De
846 2686 940 2726 Elm
1517 2684 1560 2738 iij
1578 2699 1607 2724 5.

387 2756 438 2796 de
472 2754 671 2796 Wisbech
747 2754 812 2795 De
844 2755 935 2809 Tyd
1512 2753 1548 2807 vj
1566 2768 1595 2794 5.
1620 2753 1657 2807 vj
1675 2753 1712 2793 d.

747 2824 812 2863 De
837 2825 1123 2879 Leverington
1345 2831 1347 2833 ’
1509 2822 1545 2877 vj
1563 2838 1593 2863 5.
1618 2821 1687 2876 viij
1706 2823 1745 2863 d.

747 2894 812 2934 De
840 2894 1030 2935 Newton
1509 2908 1531 2932 v
1548 2908 1576 2933 5.
1600 2892 1661 2947 iiij
1683 2892 1721 2933 d.
