1961 3202
17 722 99 764 197

692 192 1042 233 Ancnomcon's
1075 203 1242 233 meurs
1661 195 1744 234 185

192 304 374 358 tr[ario],
416 310 461 345 et
506 305 601 345 aliis
651 305 860 346 ministris
903 305 1196 347 servientibus
1240 313 1283 347 ct
1328 307 1616 348 familiaribus
1658 307 1747 348 suis

191 373 392 414 omnibus
424 380 468 415 et
500 374 694 429 singulis,
727 375 831 415 (lum
866 382 1010 416 tamen
1046 375 1099 415 ad
1133 375 1522 417 ‹lenunciacionem
1557 377 1743 432 episcopi

190 457 260 483 eos
282 444 541 499 corriga[n]t
564 444 675 484 infra
704 459 909 492 mensem,
932 445 1172 485 secundum
1204 445 1381 486 modum
1414 452 1457 487 et
1488 448 1669 488 formam
1699 447 1743 487 in

188 526 370 566 persona
386 513 576 568 episcopi
591 513 791 567 superius
809 514 1120 567 expressathffi]
1138 528 1145 563 3
1177 515 1235 554 sic
1255 521 1401 556 tamen
1417 516 1530 571 quod
1547 516 1745 572 episcopo

187 581 232 621 in
268 581 400 623 licitis
435 589 477 623 et
511 583 729 624 canonicis
767 583 984 624 mandatis
1019 584 1106 624 sint
1143 585 1186 624 in
1219 585 1423 625 omnibus
1461 585 1744 636 obedientes;

188 651 377 706 alioquin
412 667 487 706 per
514 652 765 707 episcopum
795 652 943 693 debite
968 653 1219 707 puniantur,
1242 668 1290 693 ac
1314 654 1492 709 insuper
1522 670 1598 710 per
1629 655 1740 695 viam

188 722 489 775 prevencionis
518 723 828 776 cognichmem,
851 722 1178 772 discussionem,
1207 723 1485 772 decisionem,
1513 730 1556 765 et
1585 724 1743 765 diffini-

188 791 368 840 cionem,
403 793 445 832 in
479 792 814 847 quibuscunque
846 792 988 833 causis
1020 798 1065 832 et
1100 793 1288 846 negociis
1321 808 1397 834 sue
1430 794 1744 835 iurisdiccionis

187 861 546 903 archidiaconalis
568 863 621 903 ad
646 863 782 903 forum
819 863 1156 903 ecclesiasticum
1190 863 1526 917 pertinentibus,
1551 865 1743 919 exceptis

187 929 327 969 causis
366 928 776 977 matrimonialibus,
814 935 857 970 et
895 929 1096 969 divorciis
1134 944 1181 969 ac
1218 929 1316 970 aliis
1354 931 1505 979 causis,
1540 931 1743 987 negociiS,

191 998 391 1051 personis,
414 1005 458 1039 et
488 998 669 1046 casibus,
694 1014 879 1054 quorum
909 1005 953 1039 et
982 998 1027 1038 in
1058 999 1219 1053 quibus
1248 1000 1389 1040 omnis
1420 1006 1464 1041 et
1494 1001 1742 1042 omnimoda

186 1068 430 1110 iurisdiccio
453 1069 683 1117 ordinaria,
707 1084 782 1124 per
812 1075 1057 1124 presentem
1088 1070 1461 1125 composicionem,
1484 1086 1557 1112 seu
1581 1071 1741 1112 diffini-

186 1138 365 1186 cionem,
403 1140 602 1194 episcopo
645 1146 690 1180 et
727 1140 817 1180 suis
854 1139 1173 1180 successorihus
1211 1139 1350 1180 solum
1390 1147 1435 1181 et
1472 1141 1515 1181 in
1553 1140 1738 1182 solidum

184 1217 441 1259 reservatur,
484 1215 528 1250 et
577 1210 770 1264 exceptis
814 1210 856 1250 in
900 1209 1097 1265 quolibet
1139 1225 1238 1250 casu
1284 1210 1655 1265 appellacionibus
1698 1217 1742 1252 et

182 1280 380 1334 querelis.
445 1280 557 1321 Item
590 1280 749 1321 habeat
778 1280 1108 1322 archidiaconus
1131 1287 1175 1322 et
1197 1282 1262 1321 sui
1296 1296 1561 1323 successores
1592 1282 1740 1324 visita-

182 1350 349 1391 cionem
402 1357 446 1391 et
498 1351 728 1391 circuitum
783 1350 1152 1391 archidiaconales
1209 1365 1284 1405 per
1337 1357 1476 1392 totam
1534 1350 1739 1392 diocesim

183 1420 413 1470 Eliensem,
434 1435 598 1461 necnon
616 1421 940 1470 correctionem,
955 1420 1245 1475 punicionem,
1260 1427 1305 1462 et
1323 1421 1517 1462 debitam
1535 1422 1738 1462 reforma-

181 1492 346 1532 cionem
387 1491 765 1541 archidiaconales,
800 1506 876 1545 per
910 1490 1025 1531 viam
1065 1491 1365 1546 prevencionis
1403 1492 1446 1531 in
1484 1491 1738 1532 criminibus

180 1561 385 1602 adulterii
417 1570 460 1603 et
490 1561 693 1602 omnibus
724 1562 965 1602 minoribus
994 1576 1069 1616 per
1098 1576 1379 1616 quascunque
1410 1577 1615 1616 personas
1643 1562 1737 1603 ubi-

181 1645 352 1687 cunque
386 1633 495 1673 infra
530 1632 876 1673 iurisdiccionem
908 1647 1031 1673 suam
1061 1632 1454 1673 archidiaconalem
1485 1633 1738 1682 commissis,

180 1702 372 1755 exceptis
395 1717 566 1757 semper
588 1702 797 1757 personis,
820 1702 934 1751 locis,
957 1709 1001 1742 et
1031 1701 1203 1742 casibus
1234 1702 1438 1756 Elien[si]
1462 1702 1662 1757 episcopo
1685 1718 1737 1743 ex

179 1772 370 1826 presenti
387 1779 532 1812 nostro
549 1772 730 1813 arbitrio
748 1772 996 1827 specialiter
1014 1772 1255 1814 reservatis.
1319 1772 1569 1827 Percipiant
1587 1773 1735 1828 itaque

180 1847 224 1882 et
267 1841 457 1883 habeant
499 1842 842 1891 archidiaconus,
879 1844 953 1898 qui
998 1858 1112 1884 nunc
1156 1848 1235 1893 est,
1274 1848 1318 1884 et
1361 1843 1427 1883 sui
1470 1858 1735 1885 successores

179 1912 296 1952 omni
330 1918 537 1967 tempore,
567 1913 785 1967 pendente
819 1913 954 1954 eciam
991 1913 1242 1954 visitacione
1277 1913 1501 1966 Elien[sis]
1534 1913 1736 1969 episcopi,

179 1983 516 2036 procuraciones,
561 1983 799 2037 pensiones,
843 1991 887 2024 et
935 1998 1089 2024 census
1137 1998 1304 2024 annuos
1354 1998 1632 2038 quoscunque
1678 1985 1733 2025 ad

179 2051 529 2093 archidiafflmum
565 2053 782 2107 pertinere
816 2059 1056 2102 consuetos,
1084 2060 1126 2094 et
1161 2053 1296 2093 eciam
1330 2052 1543 2094 sinodalia
1574 2061 1618 2094 et
1649 2055 1733 2094 col-

180 2122 410 2162 leccionem
435 2122 712 2163 denariorum
744 2123 881 2163 sancti
913 2123 1043 2171 Petri,
1066 2123 1130 2163 ita
1158 2123 1271 2177 quod
1296 2122 1536 2163 satisfaciat
1557 2123 1732 2164 domino

178 2206 289 2246 pape
322 2198 367 2232 et
398 2207 564 2233 camere
594 2192 834 2249 apostolice
864 2193 1025 2247 ubique
1056 2192 1169 2233 infra
1194 2192 1421 2233 civitatem
1453 2198 1497 2233 et
1526 2192 1730 2234 diocesim

178 2262 448 2317 Elien[sem],
470 2269 601 2317 prout
623 2263 952 2304 archidiaconus
976 2263 1161 2305 Eliensis
1187 2263 1344 2304 habere
1374 2263 1609 2313 consuevit,
1632 2279 1729 2305 cum

176 2332 410 2373 cuiuslibet
448 2332 491 2372 in
530 2348 581 2373 ea
618 2339 740 2387 parte
783 2332 838 2373 ad
881 2333 1092 2388 premissa
1133 2333 1410 2387 levand[um]
1453 2338 1498 2374 et
1543 2333 1731 2375 fideliter

176 2402 544 2456 persolvend[um]
574 2402 840 2443 cohercionis
862 2403 1068 2443 canonice
1092 2408 1325 2457 potestate,
1347 2418 1396 2443 ac
1419 2402 1731 2458 inquisiciones

175 2472 413 2526 faciend[i],
438 2487 513 2527 per
541 2472 889 2513 commissionem
922 2473 1111 2528 episcopi
1142 2472 1327 2514 Eliensis
1349 2472 1402 2513 de
1426 2473 1729 2514 vacacionibus

177 2543 481 2583 beneficiorum
513 2548 558 2583 et
586 2543 685 2583 aliis
713 2543 909 2584 articulis
939 2544 981 2583 in
1015 2543 1094 2584 hac
1126 2550 1247 2598 parte
1274 2543 1412 2584 solitis
1434 2549 1478 2584 et
1501 2544 1729 2591 consuetis,

175 2612 522 2667 quandocunque
552 2612 784 2668 contigerit
814 2612 1065 2668 episcopum
1095 2613 1149 2654 ad
1179 2618 1303 2654 extra
1334 2613 1586 2654 facultatem
1614 2628 1726 2653 com-

175 2682 350 2723 mittere
400 2682 659 2737 inquirendi.
743 2683 925 2724 Necnon
977 2683 1274 2738 recepcionem
1325 2690 1370 2725 et
1419 2683 1724 2724 admissionem

172 2752 421 2793 obediencie
454 2752 811 2794 archidiaconalis
843 2768 1213 2809 quorumcunque,
1243 2759 1334 2794 tam
1368 2752 1723 2794 beneficiatorum

115 2824 128 2836 ’
173 2836 302 2876 quam
361 2822 694 2877 capellanorum,
746 2822 858 2863 infra
905 2822 1071 2863 dictum
1124 2823 1524 2865 archidiaconatum
1577 2821 1725 2862 divina

171 2891 498 2941 celebrancium,
530 2893 593 2934 vel
630 2908 793 2934 moram
826 2893 1098 2943 faciencium,
1127 2899 1339 2949 quantum
1375 2892 1427 2933 ad
1461 2908 1523 2942 ea,
1552 2907 1636 2947 que
1669 2891 1723 2933 ad
