1961 3202
120 1924 159 1964 p.
182 1911 235 1948 Rs

276 202 295 239 1
302 202 328 240 4
793 213 995 244 STATUTA
1026 215 1288 244 SYNODALIA

273 329 402 369 super
419 322 670 370 contemptu
695 323 771 357 aut
798 318 1134 372 transgressione
1161 317 1346 358 convicti
1368 318 1540 366 fuerint,
1564 317 1631 357 vel
1653 324 1807 370 sponte

213 385 234 399 *‘
273 385 463 431 confessi,
489 400 561 424 nos
597 400 678 433 eos,
708 400 783 439 pro
815 400 950 440 posse,
985 386 1221 427 adiuvante
1254 386 1437 426 Domino
1469 392 1615 426 nostro
1642 386 1647 437 Ι
1677 385 1804 425 Ihesu

273 452 454 499 Christo,
484 453 595 493 sicut
627 468 808 494 canones
843 455 1098 509 precipiunt,
1128 455 1366 509 punituros.
1430 455 1539 496 Cum
1572 455 1614 495 in
1643 454 1806 509 pericu-

274 521 495 562 losioribus
518 524 651 562 maior
677 523 733 563 sit
757 523 1003 564 adhibenda
1025 524 1205 571 cautela,
1228 524 1428 578 quoniam
1454 539 1504 564 ex
1529 523 1808 564 clandestinis

274 592 571 637 matrimoniis,
593 599 635 632 et
659 593 742 632 illis
765 593 980 647 precipue,
1002 609 1085 648 que
1112 609 1189 634 nec
1217 594 1551 648 presbiterorum
1575 594 1807 648 presencia,

273 674 349 699 nec
372 660 455 700 alia
476 661 581 700 iuris
603 662 909 716 solempnitate
936 663 1153 711 uniantur,
1178 664 1316 703 multa.
1340 664 1537 703 novimus
1564 663 1805 703 animarum

274 729 461 782 pericula
492 731 764 784 provenisse3
801 731 1057 785 provideant·
1091 732 1172 771 sibi
1207 731 1432 785 presbiteri
1466 732 1731 786 parochiales
1764 740 1808 771 et

273 798 355 843 alii,
383 813 435 839 ne
471 799 667 839 decetero
702 801 793 840 sine
825 801 1065 841 bannorum
1098 801 1291 841 edicione
1324 801 1610 841 matrimoniis
1640 808 1806 841 contra-

272 868 422 908 hendis
464 869 691 920 intersint3
729 871 917 924 alioquin
961 871 1097 911 sciant
1140 886 1183 911 se
1226 871 1415 911 triennio
1458 870 1806 925 suspendendos..

273 937 506 978 Inhibeant
539 939 672 979 eciam
708 940 933 994 presbiteri
973 941 1238 994 parochiales
1270 941 1519 995 frequenter
1556 947 1600 981 et
1635 941 1806 995 puplice

273 1006 542 1059 parochianis
581 1008 668 1047 suis
705 1008 784 1047 sub
822 1024 933 1063 pena
970 1009 1442 1056 excommunicacionis,
1481 1016 1525 1050 et
1562 1008 1808 1063 parochiani

274 1083 491 1128 presentes
532 1077 620 1116 suis
662 1078 836 1118 famulis
880 1078 957 1118 hoc
996 1087 1226 1132 exponant,
1259 1087 1308 1118 ut
1345 1078 1436 1118 sine
1473 1079 1804 1133 presbiterorum

275 1147 492 1199 presencia
533 1154 576 1186 et
623 1147 859 1187 bannorum
903 1147 1096 1188 edicione
1145 1148 1422 1188 matrimonia
1462 1148 1551 1188 sive
1593 1147 1807 1202 sponsalia

272 1215 521 1256 contrahere
563 1231 645 1256 non
691 1224 952 1271 presumant.
1030 1218 1231 1272 Alimquin
1276 1219 1415 1258 sciant
1457 1232 1501 1258 se
1544 1218 1806 1272 principales

276 1300 461 1337 persone,
504 1286 750 1341 priusquam
796 1287 849 1327 ad
888 1287 1126 1328 docendum
1165 1303 1208 1327 se
1241 1288 1294 1328 de
1333 1289 1423 1328 iure
1461 1303 1536 1327 suo
1573 1287 1805 1328 admittan-

272 1362 354 1401 tur,
387 1355 557 1409 publice
589 1356 895 1411 fustigacioni*
929 1357 1186 1405 suljnlendos,
1218 1365 1262 1397 et
1299 1358 1403 1397 alios
1441 1357 1516 1411 qui
1555 1371 1805 1397 consensum

277 1425 341 1464 vel
375 1426 675 1466 auctoritatem
712 1427 990 1480 prestiterim,
1021 1427 1168 1467 eadem
1204 1442 1314 1482 pena
1344 1427 1565 1468 feriendos.
1629 1426 1806 1467 Sancto-

273 1508 367 1533 rum
401 1495 757 1548 lateran[ensis]†
787 1495 869 1548 [et]
902 1495 1242 1550 lugdon[ensis]‡
1271 1502 1484 1536 statutum
1509 1495 1807 1535 concilioruma

274 1569 526 1602 renovantes
571 1570 613 1602 et
660 1564 946 1617 precipientes
994 1564 1238 1611 statuimus,
1283 1572 1327 1603 ut
1373 1563 1514 1604 clerici
1562 1564 1807 1604 beneficiati
1862 1608 1864 1610 ,

272 1639 315 1671 et
369 1632 567 1686 precipue
619 1632 870 1679 sacerdotes,
922 1633 1009 1672 sive
1069 1633 1323 1680 beneficiati,
1376 1634 1464 1673 sive
1522 1647 1619 1680 non,
1671 1648 1806 1674 conve-

272 1701 429 1741 nientia
485 1701 661 1755 desuper
703 1700 929 1757 deferantsg
977 1702 1244 1749 indumenta,
1287 1703 1433 1757 cappis
1485 1702 1723 1742 manucatis
1764 1710 1807 1742 et

273 1771 475 1825 precipue
521 1769 770 1825 hareg‹›tis¹'‚
814 1772 879 1811 rel
929 1772 1055 1811 aliter
1106 1771 1441 1825 transfiguratisc
1492 1772 1682 1812 vestibus
1724 1787 1805 1811 non

276 1848 461 1880 utantur.
530 1841 652 1886 Item,
695 1842 895 1894 quoniam
939 1841 1117 1894 dignum
1162 1850 1236 1889 est,
1285 1842 1396 1896 quod
1441 1841 1691 1889 sacerdotes,
1733 1841 1807 1895 qui

273 1918 434 1950 ceteros
482 1910 655 1949 ecclesie
707 1910 1197 1965 ministros!dignitate
1256 1917 1299 1951 et
1352 1911 1499 1951 ordine
1557 1911 1808 1965 precellunt,

273 1979 327 2019 ab
379 1978 481 2032 ipsis
540 1978 651 2032 [per]
710 1978 885 2019 habitus
948 1980 1263 2033 prerogativam
1316 1985 1393 2019 aut
1441 1994 1516 2019 sue
1571 1979 1808 2019 honestatis

274 2048 569 2101 integritatem
594 2047 951 2102 distinguanturll,
975 2048 1247 2102 precipimus,
1269 2048 1380 2101 quod
1410 2048 1635 2102 presbiteri
1664 2054 1807 2088 nostre

274 2117 462 2171 dyocesis
485 2132 560 2172 per
589 2117 753 2171 plateas
776 2124 817 2157 et
853 2118 963 2157 vicos
993 2119 1034 2157 in
1066 2118 1318 2158 civitatibus
1340 2124 1384 2158 et
1414 2118 1561 2172 burgis
1590 2118 1633 2158 in
1664 2118 1808 2172 cappis

273 2187 426 2226 clausis
478 2186 541 2226 vel
594 2186 636 2226 in
690 2186 1000 2240 superpelliciis
1059 2187 1258 2227 decenter
1314 2187 1524 2227 incedant.
1609 2187 1807 2227 Preterea

275 2256 516 2302 statuimus,
553 2263 599 2295 ut
636 2256 676 2294 in
716 2255 1005 2295 celebracione
1046 2257 1269 2296 missarum
1308 2270 1477 2309 semper
1512 2256 1594 2296 due
1632 2255 1806 2296 candele

274 2325 571 2372 accendantur,
613 2325 680 2365 uel
724 2325 875 2365 saltem
922 2340 1005 2365 una
1047 2340 1142 2365 cum
1190 2340 1273 2365 una
1311 2324 1543 2380 lampade‘l.
1608 2325 1807 2366 Preterea

274 2394 561 2448 prohibemus,
590 2409 642 2434 ne
675 2395 830 2448 aliquis
859 2395 1052 2435 sacerdos
1079 2395 1361 2435 confessiones
1384 2395 1624 2449 aliquorum
1648 2395 1807 2435 revelet

276 2463 402 2504 verbo
449 2464 513 2503 vel
562 2464 672 2503 facto
723 2464 843 2517 signo
889 2471 965 2504 aut
1017 2465 1098 2504 alio
1150 2463 1300 2518 quovis
1363 2465 1498 2512 modo,
1550 2464 1807 2511 sciturus**‚

273 2533 398 2587 quod,
429 2532 460 2572 si
496 2546 622 2586 super
660 2532 736 2572 hoc
774 2533 1062 2581 convincatur,
1097 2548 1251 2587 penam
1291 2533 1572 2587 deposicionis
1610 2534 1809 2580 incurret,

273 2600 508 2642 secuudum
547 2601 766 2641 canonicas
803 2601 1057 2649 sancciones⁷
1094 2609 1137 2642 et
1179 2602 1378 2642 omnibus
1419 2599 1571 2643 diebus
1611 2602 1695 2642 vite
1732 2616 1806 2642 sue

340 2742 357 2756 ἦ
382 2742 456 2771 MS.
475 2740 753 2778 fustigacionum.
1103 2741 1123 2775 †
1146 2742 1221 2772 MS.
1240 2742 1445 2772 lateranum.

340 2799 359 2834 ζ
386 2797 434 2825 lst
453 2795 542 2825 hami
559 2793 700 2832 london,
719 2795 784 2823 ‘2ml
804 2796 892 2825 hand
909 2795 1047 2834 lugdofi.

339 2854 355 2889 ξ
382 2851 450 2881 The
465 2851 571 2880 words
590 2851 622 2880 in
642 2850 754 2879 italics
771 2860 827 2880 are
846 2852 974 2880 written
995 2853 1029 2881 in
1046 2852 1186 2881 another
1204 2851 1295 2882 hand
1310 2861 1388 2882 over
1403 2861 1448 2881 αη
1465 2861 1607 2882 erasure.

342 2910 352 2942 η
377 2906 449 2936 MS.
471 2903 714 2943 distinguatur.
1152 2905 1189 2919 Η
1215 2907 1289 2936 MS.
1310 2905 1440 2936 scituri.
