1961 3202
20 1940 102 1978 194

610 211 763 242 'rENoR
798 212 936 241 muni
975 211 1323 241 Aueninriscori
1667 199 1733 237 lsl

191 323 354 358 secreto
405 317 628 358 descondit
675 317 717 357 in
770 317 993 367 mundum,
1042 323 1090 357 ut
1140 317 1382 365 scissuram,
1429 319 1578 370 quani¹
1628 314 1743 355 inter

191 393 425 427 creatorem
470 393 514 427 ct
555 393 776 427 creaturas
825 387 961 442 ipsius
1010 387 1181 441 antiqui
1231 385 1447 440 serpentis
1499 385 1743 440 procuravit,

194 456 395 504 versucia,
424 471 499 497 sue
533 457 647 511 pacis
681 462 725 496 et
757 456 934 511 pietatis
966 455 1183 497 antidoto*
1217 455 1453 504 resarciret,
1487 454 1742 495 venerabilis

191 524 322 565 frater
345 533 499 575 noster,
523 525 724 567 dominus
748 526 1000 574 Iohannes&
1019 525 1101 566 Dei
1124 525 1267 581 gratia
1292 525 1478 566 Eliensis
1505 525 1742 580 episcopus,

191 600 242 635 ac'
262 595 447 636 dilectus
471 596 597 645 filius,
618 596 823 651 magister
847 595 1064 636 Iohannes
1092 593 1391 644 Welbourneb,
1416 595 1561 651 legum
1584 594 1742 642 doctor,

191 665 519 706 archidiaconus
553 666 750 714 Eliensis,
784 665 963 720 provido
998 666 1322 706 considerantes
1361 666 1541 715 intuitu,
1577 679 1743 705 necnon

192 735 305 789 ‹sluod
340 735 437 783 lites
470 742 573 777 sunt
608 736 785 792 prodige
825 741 1096 790 sumptuum,
1130 735 1291 790 quietis
1328 750 1468 784 avare,
1508 734 1743 775 vexatrices

191 820 415 860 corporum
460 817 503 846 et
543 806 760 846 inencium
799 805 1105 853 distractrices,
1142 811 1189 845 ut
1226 804 1525 846 altercacionis
1562 804 1745 859 questio,

191 890 273 929 que
312 875 425 916 inter
464 890 534 915 eos
578 882 621 915 et
663 889 812 915 eorum
858 889 1123 929 precessores
1167 882 1210 915 et
1254 874 1574 929 predecessores
1616 888 1747 929 Super

192 946 402 986 exercicio
452 945 769 986 iurisdiccionis
820 945 1112 985 ecclesiastice
1163 944 1207 984 in
1260 944 1441 985 civitate
1493 950 1537 984 et
1586 944 1745 985 diocesi

192 1017 367 1066 Eliensi,
390 1031 439 1057 ac
472 1016 598 1056 modo
632 1022 675 1056 et
708 1016 844 1056 forma
874 1015 1082 1064 eiusdem,
1110 1020 1200 1055 tam
1232 1014 1276 1054 in
1306 1014 1426 1054 curia
1455 1021 1601 1055 nostra
1633 1014 1745 1057 Can-

191 1087 442 1142 tuar[iensi]
465 1102 595 1142 quam
619 1086 737 1136 alibi,
759 1086 940 1127 suborta
968 1087 1123 1135 fuerat,
1147 1092 1191 1126 et
1214 1084 1383 1126 diucius
1406 1100 1504 1126 cum
1528 1100 1675 1126 eorum
1698 1101 1746 1126 ac

190 1157 465 1198 subditorum
495 1171 671 1197 suorum
695 1155 948 1210 gravamine
971 1155 1153 1211 agitata,
1181 1155 1439 1195 refundatur
1468 1155 1746 1210 presentibus

191 1236 235 1270 et
264 1228 349 1269 fine
380 1227 589 1268 laudabili
619 1227 911 1282 conquiescat,
934 1241 1010 1281 pro
1039 1226 1152 1267 bono
1185 1225 1303 1280 pacis
1326 1231 1370 1266 et
1393 1225 1631 1274 concordie,
1656 1231 1745 1266 tam

191 1299 383 1352 prefatus
426 1296 685 1349 venerabilis
728 1297 861 1337 frater
906 1302 1063 1344 noster,
1098 1310 1229 1350 quam
1273 1294 1608 1335 archidiaconus
1650 1310 1745 1350 prc-

190 1369 344 1417 dictuS,
367 1383 441 1423 pro
471 1382 514 1408 se
545 1374 589 1408 et
620 1381 769 1407 eorum
801 1366 1125 1407 successoribus
1148 1366 1207 1414 in,
1228 1365 1291 1413 de,
1317 1373 1361 1406 et
1384 1380 1515 1419 super
1537 1366 1747 1406 exercicio

190 1436 504 1478 iurisdiccionis
550 1435 756 1490 predicte,
799 1450 847 1476 ac
893 1435 1016 1476 modo
1060 1441 1106 1475 et
1149 1435 1286 1475 forma
1330 1434 1537 1482 eiusdem,
1580 1449 1742 1475 necnon

191 1507 392 1547 omnibus
430 1512 474 1546 et
511 1505 695 1560 singulis
731 1505 885 1552 causis
920 1504 1124 1560 querelis,
1161 1504 1340 1553 iuribus,
1373 1504 1747 1554 altercacionibus,

191 1586 235 1619 et
267 1575 607 1617 dissensionibus
641 1574 930 1629 huius[modi]
964 1575 1123 1615 nostris
1156 1574 1329 1624 iudicio,
1359 1575 1554 1624 arbitrio,
1588 1574 1746 1615 diffini-

190 1647 314 1695 cioni,
348 1645 488 1694 laudo,
521 1645 707 1694 decreto,
747 1644 1114 1699 pronunciacioni,
1146 1650 1190 1685 et
1228 1644 1461 1695 sentencie,
1494 1645 1537 1685 in
1575 1645 1664 1686 alto
1702 1651 1746 1687 et

190 1718 323 1765 basso,
342 1731 456 1772 pure,
476 1723 640 1771 sponte,
656 1723 700 1756 et
717 1715 986 1769 simpliciter,
1000 1730 1044 1756 se
1061 1715 1371 1763 submiserunt,
1388 1731 1436 1756 ac
1455 1716 1498 1756 in
1520 1715 1746 1766 arbitrum,

189 1787 491 1828 arbitratorein
531 1785 819 1832 amicabilem,
852 1785 1199 1840 compositorem,
1231 1785 1431 1834 iudicem,
1464 1785 1748 1836 laudatorem,

190 1873 264 1899 seu
302 1856 596 1903 diffinitorem,
626 1856 670 1895 in
704 1855 924 1909 premissis
957 1863 1001 1896 et
1033 1870 1084 1896 ea
1115 1855 1488 1903 concernentibus,
1517 1863 1669 1910 sponte
1703 1864 1747 1897 et

191 1927 469 1970 conformiter
501 1927 731 1981 eligerunt,
758 1941 807 1966 ac
840 1926 1130 1980 prestiterunt
1162 1926 1262 1967 hinc
1295 1935 1339 1967 et
1371 1926 1483 1975 inde,
1513 1927 1747 1981 propositis

191 2015 330 2040 corani
363 1998 424 2038 eis
454 1997 736 2038 sacrosanctis
766 1997 1018 2052 evangeliis,
1043 1997 1341 2037 iuramentum
1373 1996 1603 2050 corporale,
1632 1998 1744 2051 quod

192 2069 394 2110 omnibus
421 2076 465 2107 et
497 2066 693 2122 singulis,
724 2082 806 2121 que
840 2082 971 2121 super
1004 2067 1213 2107 exercicio
1246 2066 1561 2107 iurisdiccionis
1596 2067 1744 2109 huius-

194 2139 307 2180 modi
346 2154 394 2179 ac
432 2143 664 2192 potestate,
700 2137 912 2192 modoque
946 2147 989 2178 et
1022 2138 1158 2177 fornia
1192 2137 1343 2178 utendi
1382 2137 1545 2187 eadem,
1579 2153 1745 2179 necnon

192 2209 346 2251 ceteris
395 2207 751 2255 dissencionibus,
796 2214 839 2248 et
889 2208 1077 2262 querelis
1122 2207 1371 2248 huiusmodi
1416 2223 1492 2248 nos
1535 2208 1746 2259 ordinare,

191 2279 403 2325 arbitrari,
435 2278 623 2327 laudare,
653 2278 807 2326 dicere,
839 2279 1138 2333 pronunciare,
1169 2293 1438 2333 componere,
1467 2279 1667 2328 diffinire,
1698 2295 1746 2320 ac

191 2349 457 2391 sententiare
481 2348 769 2403 contingeret,
792 2347 872 2402 ipsi
904 2348 996 2388 sine
1027 2347 1125 2388 dolo
1156 2355 1200 2388 et
1232 2348 1380 2388 fraude
1411 2348 1746 2405 quibuscunque

191 2426 392 2475 parerent
430 2426 474 2459 et
513 2424 685 2473 pareret
724 2418 836 2458 bona
871 2417 952 2457 11116
989 2425 1171 2472 uterque
1204 2418 1439 2459 eorundem
1474 2434 1520 2459 ac
1554 2419 1747 2468 lauduni,

190 2489 435 2538 arbitrium,
477 2488 656 2537 dictum,
700 2487 1123 2541 pronunciacioneni,
1168 2487 1545 2543 composicionem,
1588 2489 1746 2529 diffini-

191 2561 371 2607 cionem,
412 2573 487 2598 seu
530 2557 797 2598 sentenciam
847 2571 921 2611 por
961 2572 1037 2597 nos
1079 2556 1308 2611 dandi-am]
1352 2572 1427 2598 seu
1473 2558 1748 2612 ferend[aui],

193 2628 444 2669 melioribus
477 2627 555 2667 viis
585 2633 630 2667 et
663 2626 798 2667 modis
828 2626 988 2680 quibus
1018 2634 1206 2680 possent,
1230 2641 1304 2681 pro
1331 2642 1375 2667 se
1400 2632 1445 2667 et
1468 2627 1557 2667 suis
1581 2642 1747 2669 succes-

193 2699 361 2740 soribus
390 2697 709 2744 confirmarent,
735 2696 1041 2751 approbarent,
1065 2705 1141 2737 aut
1171 2697 1481 2753 cmologarent,
1505 2713 1553 2738 ac
1583 2698 1745 2739 eisdem

193 2769 380 2810 scienter
423 2782 507 2807 non
556 2766 910 2807 contravenirent
956 2766 999 2806 in
1043 2766 1200 2822 aliquo,
1245 2767 1378 2808 tacite
1423 2767 1487 2808 vel
1534 2782 1749 2822 expresse,

192 2844 321 2894 prout
355 2836 545 2892 plenarie
576 2836 619 2876 in
654 2836 789 2876 forma
822 2835 1124 2877 submissionis
1158 2836 1422 2887 huiusmodi,
1452 2852 1536 2891 quc
1570 2837 1749 2879 inferius

457 2917 468 2938 1
493 2918 567 2949 MS.
589 2927 667 2957 que.
1185 2918 1197 2937 ²
1220 2919 1296 2950 MS.
1315 2917 1482 2950 antitodo.
