1961 3202
311 190 363 230 76
921 196 1229 226 INVENTORIES

397 301 481 355 iiijd
959 299 1008 338 R’

400 360 492 413 [131]
510 358 698 399 Ecclesia
713 357 765 397 de
781 356 1040 397 Landbeche
1056 371 1139 396 non
1158 359 1442 412 appropriata.
1480 356 1612 397 habet
1625 362 1844 402 rectorem,

311 434 353 469 et
377 434 550 469 taxatur
571 427 622 467 ad
647 443 670 466 x
699 441 871 467 marcas.
924 425 1052 466 solvit
1076 440 1150 480 pro
1173 426 1453 479 synodalibus
1475 425 1502 480 ij
1521 440 1550 466 s,
1573 425 1632 479 iiij
1652 424 1688 465 d.
1751 438 1843 478 pro-

311 497 605 538 curacionibus
636 496 690 551 xij
710 496 746 537 d.
809 495 996 536 denariis
1025 495 1163 535 sancti
1195 495 1312 536 Petri
1335 495 1409 550 ijs.
1472 500 1724 535 ornamenta
1745 498 1845 533 sunt]

312 568 399 608 hec.
464 566 633 607 missale
650 581 783 606 unum
794 571 815 606 ¹.
879 565 984 606 duo²
1006 564 1311 618 antiphonaria
1332 565 1456 606 bona.
1520 563 1701 618 legenda
1722 562 1843 603 bona.

312 636 362 691 ij3
383 636 572 691 gradalia
590 634 858 675 sufficientia.
908 633 1188 687 epistola1·[e].
1244 633 1442 673 manuale
1460 632 1618 672 bonum
1629 636 1650 672 ⁴.
1701 631 1845 671 marti-

312 706 472 760 logium
504 704 676 744 bonum.
710 704 812 744 tria⁵
843 703 964 758 paria
995 702 1353 743 vestimentorum
1385 703 1555 757 integra
1585 716 1681 741 cum
1717 701 1845 754 perti-

314 776 486 816 nenciis.
547 774 660 829 pixis
682 774 870 814 eburnea
894 772 972 813 sub
996 787 1151 813 serura.
1214 778 1398 826 quatuor
1427 771 1582 826 phiole.
1647 771 1738 810 fons
1767 770 1845 810 sub

314 860 468 886 serura.
531 844 558 898 ij
584 858 739 885 cruces.
803 842 1065 883 turribulum
1088 842 1261 883 bonum.
1324 842 1408 882 duo
1432 841 1620 882 vexillafl.

660 1659 708 1700 R,

436 1719 496 1773 iiij
515 1719 552 1759 d.
574 1718 640 1759 [Μ.
663 1733 721 1758 ca.
746 1732 828 1756 uon
851 1728 878 1768 9
899 1731 957 1758 ca.
981 1722 1128 1757 sancte
1153 1714 1289 1755 Mario
1314 1730 1397 1755 non
1421 1726 1447 1767 9
1663 1730 1748 1754 non
1769 1725 1797 1766 9

408 1788 464 1841 [Β
475 1788 505 1841 1]
521 1787 713 1828 Ecclesia
727 1786 778 1826 de
796 1785 1038 1827 Cotenham
1055 1800 1139 1825 non
1155 1784 1444 1839 appropriata.
1488 1785 1620 1825 habeb
1635 1790 1855 1824 rectorem.

318 1862 493 1896 taxatur
511 1855 562 1896 ad
582 1854 712 1908 xxxiij
733 1868 906 1894 marcas.
958 1852 1084 1893 solvit
1101 1867 1177 1907 pro
1195 1851 1473 1906 synodalibus
1496 1852 1522 1906 ij
1541 1868 1567 1893 s.
1594 1853 1652 1906 iiij
1670 1852 1707 1892 d.
1760 1867 1854 1907 pro-

320 1924 616 1965 curacionibus
639 1938 761 1964 x..s..
779 1922 830 1964 ὁ)
882 1921 1069 1962 denariis
1086 1921 1204 1961 beati
1223 1920 1340 1961 Pctri
1364 1935 1387 1959 v
1403 1935 1431 1960 s.
1485 1926 1737 1960 ornamenta
1754 1926 1855 1960 sunt

320 1996 407 2035 hec.
460 1994 485 2048 ij
507 1993 724 2033 missalia&
775 2007 910 2032 unum
926 1990 1280 2045 anbiphonarium
1297 2005 1393 2030 cum
1417 1990 1649 2044 psalterio&
1674 1989 1856 2043 legenda

320 2064 362 2104 in
379 2063 546 2104 duobus
563 2062 864 2103 voluminibus.
882 2061 898 2115 j
917 2060 1169 2115 psalterium
1186 2074 1262 2114 per
1275 2065 1348 2099 se⁴.
1395 2059 1666 2113 porticorium
1684 2061 1854 2099 bonum.

320 2133 363 2187 iij
383 2133 573 2188 gradalia
594 2132 861 2173 sufficientia.
915 2131 941 2185 ij
969 2130 1196 2170 manualia.
1249 2130 1333 2170 tria
1357 2129 1474 2183 paria
1496 2129 1851 2169 vestimentorum

321 2216 417 2242 cum
440 2201 728 2256 perbinenciis.
753 2199 882 2240 calix5
908 2199 1132 2239 sufficiens.
1156 2202 1310 2252 cappe'3
1339 2197 1452 2237 chori
1484 2196 1708 2238 sufficiens.
1772 2198 1854 2238 tria

323 2270 531 2310 frontalia.
593 2285 694 2310 crux
718 2276 854 2310 enea!
901 2268 984 2309 alia
1007 2273 1225 2323 argentea.
1288 2266 1398 2321 pixis
1421 2266 1621 2307 eburnea.
1683 2266 1854 2307 crisma-

324 2341 491 2381 torium.
554 2339 597 2393 iij
625 2339 776 2392 phiole.
835 2337 1098 2379 turribulum
1123 2337 1348 2377 sufficiens.
1402 2336 1577 2377 lucerna
1599 2337 1739 2377 bona⁷.
