1961 3202
102 524 138 564 p.
162 511 216 549 30

106 1910 144 1950 p.
168 1897 218 1936 31

256 183 307 222 10
772 193 974 223 sTATUTA
1007 193 1268 223 sYNoDALIA

252 298 530 338 contritiones
553 297 604 337 de
628 297 715 336 suis
739 297 936 350 peccatis,
951 303 995 337 et
1014 304 1063 337 ut
1085 311 1179 336 cum
1205 296 1450 336 reverencia
1472 302 1516 336 et
1540 295 1785 335 humilitate

252 366 540 407 sacerdotibus
573 366 862 406 confiteantur
892 372 1079 419 peccata,
1109 373 1152 406 et
1184 365 1294 419 quod
1331 366 1485 405 bonam
1518 365 1783 405 voluntatem

253 436 440 477 habeant
482 435 773 476 satisfaciendi
817 435 1005 474 Domino
1047 450 1123 489 pro
1166 434 1338 475 eisdem.
1422 434 1470 473 In
1516 433 1786 474 absolucione

252 513 410 554 autem,
438 505 442 561 Ι
477 506 598 546 iuxta
649 505 1007 545 constitucionem
1062 504 1178 544 beati
1232 503 1463 557 Gregoriia,
1516 502 1598 543 hiis
1649 502 1788 542 verbis

254 580 456 615 utantur:
495 574 584 628 Ego
617 574 670 614 ab
703 574 797 614 istis
830 573 1014 627 peccatis
1046 572 1177 612 michi
1210 572 1411 612 confessis
1444 578 1498 617 te,
1531 571 1788 611 auctoritate

253 658 337 697 qua
360 644 524 697 fungor,
546 642 731 683 absolvo.
795 642 850 682 Et
880 642 1113 697 diligenter
1144 641 1358 689 attendat,
1381 656 1462 695 que
1491 640 1534 680 in
1564 639 1789 680 audiendis

254 712 588 752 confessionibus
630 719 673 752 et
716 710 991 765 indulgendis
1034 710 1290 764 penitenciis
1331 726 1355 750 a
1396 709 1553 750 sanctis
1595 708 1789 763 patribus

253 788 354 821 sunt
377 787 553 822 statuta.
615 781 726 821 Item
751 781 995 829 statuimus,
1017 779 1131 833 quod
1154 779 1298 820 nullus
1324 779 1490 819 alienus
1519 778 1714 818 decetero
1737 777 1786 817 ad

253 850 444 903 regimen
468 849 721 904 parochialis
744 849 921 890 ecclesie
943 848 1215 895 admittatur,
1234 848 1316 888 nisi
1340 848 1392 888 de
1414 848 1547 901 ipsius
1570 846 1790 887 ordinibus

254 926 297 959 et
339 918 662 959 conversacione
706 919 887 958 honesta
934 917 1149 958 laudabile
1203 917 1515 963 testimonium,
1560 915 1626 956 vel
1673 922 1791 955 certa

254 989 412 1029 noticia
450 988 672 1028 habeatur.
734 987 846 1027 Item
885 986 1131 1032 statuimus,
1170 993 1218 1026 ut
1260 985 1486 1040 presbiteri
1529 984 1791 1039 parochiales

254 1058 435 1099 doceant
462 1057 739 1111 parochianos
771 1072 868 1097 suos
901 1057 1148 1111 frequenter
1176 1055 1328 1096 diebus
1358 1055 1582 1095 (lominicis
1612 1055 1788 1094 formam

254 1127 501 1183 baptizandi
524 1127 566 1167 in
592 1127 768 1180 vulgari,
792 1132 852 1174 ut,
875 1127 910 1166 si
933 1126 1140 1166 articulus
1163 1125 1432 1165 necessitatis
1455 1130 1659 1179 emergat,
1678 1129 1790 1164 recte

255 1198 392 1238 sciant
424 1212 497 1251 per
528 1197 655 1237 verba
686 1212 710 1236 a
742 1196 965 1237 Salvatore
998 1201 1141 1235 nostro
1174 1200 1342 1235 statuta
1374 1209 1526 1248 pueros
1558 1193 1789 1247 baptizare.

255 1267 367 1307 Item
392 1266 626 1306 statuimus
649 1271 822 1319 propter
844 1264 1132 1305 reverenciam
1156 1263 1330 1304 ecclesie
1360 1270 1504 1302 nostre
1535 1261 1792 1302 cathedralis

256 1343 298 1376 et
332 1336 532 1376 honorem
565 1335 691 1375 beate
725 1333 998 1380 Etheldrede,
1031 1334 1150 1372 cuius
1188 1333 1323 1372 sancti
1357 1331 1542 1386 corporis
1575 1331 1792 1385 presencia

257 1406 405 1445 eadem
444 1404 623 1445 ecclesia
660 1404 905 1452 honoratur,
941 1408 988 1443 ut
1025 1402 1077 1442 de
1116 1403 1209 1456 ipsa
1245 1402 1288 1441 in
1323 1415 1580 1455 quacunque
1615 1399 1792 1440 ecelesia

257 1474 529 1515 conventuali
563 1483 606 1513 et
638 1472 872 1527 parochiali
905 1478 1046 1512 nostre
1078 1471 1269 1525 dyocesis
1302 1472 1351 1510 ad
1392 1470 1630 1510 matutinas
1663 1475 1706 1509 et
1739 1469 1789 1509 ad

257 1560 456 1600 vesperas
499 1551 591 1598 post
636 1543 884 1583 memoriam
928 1549 1075 1582 sancte
1119 1541 1295 1582 ecclesie
1344 1540 1541 1594 specialis
1588 1539 1793 1579 memoria

257 1615 479 1656 habeatur.
543 1614 747 1654 Sacerdos
790 1627 887 1653 vero
925 1611 1109 1665 quilibet
1146 1612 1392 1665 frequenter
1433 1609 1581 1649 doceat
1623 1608 1792 1663 plebem

257 1700 390 1732 suam,
410 1690 469 1732 ut,
483 1698 577 1724 cuin
598 1683 640 1723 in
660 1682 949 1723 celebracione
975 1681 1197 1720 missarum
1219 1680 1412 1719 devotiu—
1432 1678 1569 1718 hostia
1583 1678 1794 1723 salutaris,

258 1771 301 1795 se
325 1759 570 1795 reverenter
591 1768 738 1792 omnes
762 1751 981 1791 inclinent.
1038 1751 1159 1790 Idem
1192 1750 1350 1789 faciant
1380 1754 1424 1789 et
1453 1763 1549 1788 cum
1581 1763 1672 1788 eam
1699 1739 1794 1801 por-

259 1827 304 1862 ta
322 1820 595 1874 [t]prcsbiter
616 1819 669 1859 ad
695 1819 912 1858 infirmum
937 1816 1232 1872 qu[emd]ami;
1263 1816 1305 1856 in
1330 1815 1501 1856 decenti
1519 1814 1669 1855 habitu
1695 1828 1793 1867 sup-

260 1891 397 1945 posito
421 1888 579 1929 mundo
604 1888 814 1928 velamine
837 1888 946 1928 ferat
965 1893 1008 1927 et
1030 1887 1186 1927 referat
1210 1886 1435 1926 manifeste
1465 1883 1469 1938 Ι
1496 1900 1543 1925 ae
1566 1883 1795 1924 honorifice

259 1966 359 2000 ante
398 1964 549 2013 pectus
586 1972 681 1997 cum
726 1956 970 1998 reverencia
1006 1961 1050 1996 et
1092 1955 1259 2003 timore,
1296 1969 1464 2009 semper
1501 1969 1593 1994 eam
1634 1953 1794 1993 lumine

261 2028 527 2083 precedente,
549 2041 645 2067 cum
670 2027 726 2066 sit
748 2025 904 2066 candor
928 2025 1034 2065 lucis
1057 2022 1240 2073 eterneb,
1264 2031 1311 2063 ut
1337 2039 1387 2064 ex
1414 2024 1489 2063 hoc
1512 2022 1624 2076 apud
1649 2037 1795 2062 omnes

260 2098 406 2138 fideles
440 2097 544 2136 fides
578 2102 621 2136 et
658 2096 832 2135 devocio
869 2103 1091 2147 augeatur,
1128 2092 1489 2148 quemadmodum
1528 2092 1569 2131 in
1604 2091 1795 2146 generali

262 2167 438 2209 concilio
460 2166 715 2206 continetur.
777 2164 1151 2219 Tyntinnabulum
1174 2177 1344 2216 quoque
1367 2177 1462 2202 cuin
1483 2161 1644 2201 lumine
1667 2160 1794 2200 simul

263 2236 538 2278 reverendam
573 2234 756 2288 corporis
789 2233 975 2273 hostiam
1008 2247 1177 2286 semper
1208 2230 1419 2285 precedat,
1452 2237 1500 2270 ut
1532 2231 1623 2270 eius
1654 2229 1794 2269 sonitu

264 2306 456 2347 fidelium
495 2304 668 2343 devocio
705 2303 755 2342 ad
795 2303 908 2343 tanti
946 2301 1204 2341 sacramenti
1242 2300 1431 2340 debitam
1474 2299 1795 2340 veneracionem

266 2376 488 2416 excitetur.
549 2372 794 2413 Statuimus
826 2372 974 2417 eciam,
1004 2376 1053 2410 ut
1086 2370 1128 2409 in
1161 2368 1328 2409 cunctis
1357 2368 1543 2408 ecclesiis
1572 2368 1726 2408 crisma
1752 2374 1796 2408 et

266 2442 502 2485 eukaristia
524 2441 602 2480 sub
625 2440 741 2480 fideli
769 2439 964 2480 custodia
992 2438 1184 2478 clavibus
1206 2436 1414 2477 adhibitis
1436 2442 1721 2484 conservetur,
1743 2451 1795 2477 ne

266 2513 398 2568 possit
435 2511 486 2551 ad
521 2510 595 2550 illa
632 2509 861 2549 temeraria
898 2523 1050 2548 manus
1087 2507 1259 2547 extendi
1298 2506 1349 2546 ad
1389 2506 1533 2559 aliqua
1568 2505 1797 2560 nephanda

267 2579 534 2623 excercenda.
597 2577 806 2618 Obscrvet
833 2577 966 2617 eciam
994 2576 1199 2624 sacerdos,
1226 2590 1278 2615 ne
1311 2590 1427 2615 sacra
1459 2575 1694 2615 eukaristia
1724 2589 1797 2628 per

268 2651 378 2692 vasis
402 2649 570 2696 vicium,
592 2654 668 2686 aut
690 2646 906 2686 diutinam
933 2645 1314 2691 conservachmem,
1337 2644 1597 2685 contraxerit
1623 2643 1798 2698 aliquid,

268 2736 342 2776 per
373 2718 487 2774 quod
520 2716 726 2757 reddatur
758 2716 897 2769 turpis
929 2714 1136 2769 aspectui,
1168 2719 1243 2754 aut
1275 2712 1608 2753 abhominabilis
1638 2713 1797 2765 gustui.

268 2788 383 2831 Illud
425 2787 539 2828 idem
589 2784 817 2824 observent
867 2784 918 2824 de
968 2783 1067 2823 vino
1117 2782 1228 2823 tanti
1276 2781 1533 2822 sacramenti
1579 2780 1797 2835 deputato.

267 2857 521 2901 Sacerdotes
551 2854 685 2894 eciam
716 2851 802 2892 sint
833 2852 1140 2906 prmnptissimi
1176 2856 1219 2891 et
1250 2850 1511 2904 paratissimi
1544 2864 1627 2889 non
1661 2850 1797 2892 solum
