1961 3202
13 1418 94 1458 199

14 2924 33 3202 winwe-

620 193 968 224 APPOINTMENTs
1000 195 1057 222 or
1089 193 1309 223 (nemesus
1661 185 1740 224 187

189 299 495 341 diffinicionem
527 317 551 340 a
582 301 883 343 iurisdiccione
914 301 1205 342 archidiaconi
1236 307 1453 356 exempta,
1476 307 1520 341 ct
1550 307 1743 355 potestas

189 369 453 411 concedendi
497 370 644 411 literas
684 371 1068 413 commendaticias
1116 376 1161 412 et
1205 370 1533 420 testimoniales,
1577 386 1741 411 necnon

190 441 534 496 indempnitates
565 448 609 482 et
640 441 849 482 interesse
880 442 922 482 in
951 431 1143 482 ecclesiis
1174 440 1322 490 unitis,
1347 440 1411 481 vel
1443 441 1745 495 appropriatis,

189 525 238 550 ac
282 511 566 565 imposterum
618 511 871 565 uniend[is],
911 511 975 552 vel
1019 510 1400 566 appr‹1›priand[is],
1443 510 1744 551 archidiacono

191 578 354 620 Eliensi
384 586 429 620 ct
459 579 551 619 eius
581 580 912 629 successoribus,
936 580 998 621 ita
1027 579 1140 634 quod
1172 581 1399 635 episcopus
1429 579 1483 621 ab
1515 579 1675 620 eisdem
1699 580 1744 620 in

190 649 309 690 nullo
331 649 388 690 sit
411 650 621 699 exclusus,
646 658 793 691 tenore
819 651 1087 705 presencium
1113 658 1400 691 reserventur.
1456 650 1523 699 Et,
1539 657 1586 690 ut
1604 651 1743 692 omnis

189 719 313 761 dolus
345 727 389 761 et
422 721 605 761 materia
641 720 940 761 altercacionis
973 726 1017 761 et
1049 719 1240 760 scandali
1278 719 1331 760 de
1365 726 1508 760 cetero
1543 720 1742 769 evitetur,

189 797 337 831 tenore
361 791 632 846 presencium
652 791 927 840 arbitramur,
942 790 1055 844 quod
1074 805 1158 830 non
1179 789 1327 830 licebit
1345 790 1544 845 episcopo
1564 791 1742 841 Eliensi,

188 860 262 915 qui
294 875 409 900 nune
440 868 516 907 est,
539 866 616 901 aut
647 859 728 900 erit
759 875 833 914 pro
865 866 1072 913 tempore,
1099 859 1213 899 ultra
1242 874 1377 899 unum
1401 860 1741 901 commissarium

187 928 432 983 generalem
464 928 508 968 in
538 927 716 969 civitate
747 936 791 968 et
820 927 979 968 diocesi
1011 927 1214 981 Elien[si]
1239 927 1411 975 habere,
1436 934 1480 969 et
1504 944 1651 979 unum,
1676 930 1741 970 vel

187 999 342 1054 plures,
381 1006 427 1039 ut
465 998 547 1039 sibi
592 998 823 1046 videbitur,
861 998 905 1038 in
950 997 1249 1038 iurisdiccione
1292 1013 1372 1038 sua
1413 1004 1628 1053 exempta,
1666 1000 1741 1055 qui

186 1068 240 1110 de
282 1069 378 1109 aliis
420 1067 744 1123 emergentibus
787 1073 911 1108 extra
952 1067 1114 1108 dictam
1158 1067 1504 1109 iurisdiccionem
1549 1069 1741 1125 episcopi

188 1145 449 1193 exemptam,
494 1138 686 1192 exceptis
735 1138 1038 1179 visitacionum
1091 1138 1373 1192 temporibus,
1416 1146 1460 1179 et
1510 1139 1554 1179 in
1604 1140 1742 1181 causis

188 1209 494 1264 pendentibus,
517 1210 560 1249 in
583 1209 812 1250 audiencia
839 1208 1028 1263 episcopi
1052 1224 1095 1249 se
1120 1208 1373 1249 nullatenus
1396 1209 1676 1258 intromittet,
1699 1217 1743 1252 et

186 1286 275 1321 tres
317 1280 588 1334 apparitores
625 1279 944 1328 tantummodo,
977 1284 1157 1333 excepto
1195 1278 1323 1333 quod,
1356 1278 1401 1319 in
1440 1279 1741 1321 iurisdiccione

186 1349 266 1389 sibi
300 1349 437 1390 solum
472 1355 517 1390 et
550 1349 593 1389 in
624 1349 809 1390 solidum
840 1363 917 1403 per
946 1354 1169 1403 presentes
1199 1358 1415 1403 exempta,
1444 1363 1593 1399 unum,
1622 1350 1743 1400 duos,

186 1419 251 1459 vel
282 1419 439 1474 plures,
461 1419 660 1474 episcopo
691 1418 849 1459 habere
883 1418 1171 1466 concedimus,
1202 1418 1264 1459 ita
1297 1418 1425 1473 quod,
1456 1419 1662 1475 exceptis,
1693 1428 1740 1462 ut

185 1503 326 1543 supra,
350 1488 649 1529 visitationum
681 1488 961 1543 temporibus,
988 1487 1031 1527 in
1064 1487 1366 1529 iurisdiccione
1399 1488 1739 1531 archidiaconali

185 1564 308 1599 extra
339 1558 431 1599 loca
463 1564 670 1612 exempta
702 1557 899 1613 predicta
929 1556 1068 1598 officia
1105 1572 1184 1597 sua
1223 1572 1307 1597 non
1348 1556 1477 1599 liceat
1514 1558 1558 1599 in
1595 1559 1740 1614 aliquo

185 1643 394 1670 exercere.
458 1628 553 1669 Nec
580 1628 731 1669 licebit
757 1627 1060 1669 archidiacono
1086 1627 1200 1668 ultra
1232 1643 1366 1668 unum
1397 1629 1738 1671 commissarium

184 1699 430 1753 generalem
467 1699 639 1746 habere,
671 1714 749 1740 nec
783 1699 928 1754 plures
960 1714 1090 1754 quam
1125 1706 1211 1739 tres
1244 1699 1513 1754 apparitores
1546 1706 1741 1742 tantum-

187 1769 322 1817 modo,
341 1769 416 1824 qui
434 1784 581 1809 omnes
597 1775 640 1809 et
658 1768 819 1824 singuli
838 1768 1084 1822 offic[ialis],
1101 1768 1434 1819 commissarius
1453 1770 1740 1824 rcgistrarius‚

185 1846 228 1880 et
264 1840 542 1894 apparitores,
575 1854 626 1880 ex
665 1854 752 1879 una
789 1844 914 1894 parte
952 1846 995 1879 et
1028 1854 1078 1879 ex
1113 1838 1209 1887 alia,
1239 1844 1477 1893 antequam
1511 1839 1564 1881 de
1596 1846 1740 1882 cetero

185 1918 414 1951 exerceant
446 1925 523 1950 sua
555 1909 705 1959 officia,
734 1910 951 1964 corporale
986 1909 1281 1950 iuramentum
1319 1909 1590 1963 prestabunt,
1622 1911 1736 1965 quod

186 1980 374 2021 fideliter
426 1995 504 2021 sua
556 1980 694 2021 officia
743 1979 1022 2028 exercebunt,
1065 1979 1157 2020 sinc
1208 1978 1357 2019 fraude
1408 1986 1453 2020 et
1501 1980 1740 2034 preiudicio

184 2050 399 2091 dictarum
438 2050 642 2105 partium,
676 2066 725 2090 ac
762 2050 889 2091 istius
927 2055 1072 2090 nostre
1115 2048 1442 2103 composicionis
1484 2057 1527 2091 et
1563 2050 1740 2102 decreti,

183 2136 232 2162 ac
254 2120 369 2176 quod
393 2136 471 2161 nec
501 2120 599 2161 odio
629 2135 707 2161 nec
737 2121 880 2161 favore
907 2119 1218 2173 cuiuscumque
1240 2118 1555 2161 iurisdiccionis
1577 2121 1737 2175 episco-

183 2191 305 2245 palis,
355 2197 432 2231 aut
485 2190 842 2231 archidiaconalis
894 2189 1143 2243 ampliande
1196 2189 1478 2244 quovismodo
1527 2191 1737 2233 favebunt

182 2261 549 2316 delinquentibus,
572 2260 615 2301 in
646 2259 896 2315 infligendis
925 2259 1049 2315 penis
1072 2273 1148 2313 pro
1171 2258 1352 2308 delictis,
1375 2264 1454 2300 aut
1478 2261 1738 2315 penitenciis

182 2330 484 2385 imponendis3
527 2336 572 2371 et
604 2329 648 2370 in
681 2329 970 2371 citacionibus
1008 2334 1052 2369 et
1087 2327 1502 2370 denunciacionibus
1534 2329 1579 2370 in
1613 2331 1737 2372 iuris-

182 2400 373 2441 diccione
423 2399 770 2447 archidiaconali,
814 2399 888 2440 ubi
936 2399 980 2438 in
1023 2397 1365 2439 correccionibus
1415 2404 1460 2439 et
1509 2414 1733 2441 causarum

183 2471 506 2525 cognicionibus
530 2470 646 2511 locus
665 2469 942 2525 prevencioni
960 2470 1134 2516 existat,
1152 2468 1409 2509 iuramentis
1425 2470 1736 2524 apparitorum,

182 2541 241 2582 sic
274 2547 324 2582 ut
355 2542 580 2596 prefertur,
612 2541 853 2581 iuratorum
888 2540 987 2580 hinc
1020 2546 1063 2580 et
1096 2539 1196 2579 inde
1234 2554 1283 2580 ac
1319 2555 1598 2594 personarum
1637 2558 1736 2583 cou-

184 2616 423 2660 ventarum,
460 2625 590 2665 super
631 2609 995 2665 prevencionibus
1037 2609 1091 2650 ab
1136 2624 1220 2650 una
1263 2610 1329 2651 vel
1366 2610 1504 2651 altera
1541 2611 1732 2665 parcium

182 2681 474 2736 predictarum
499 2680 764 2735 pretens[is],
787 2679 839 2720 de
862 2686 1007 2720 cetero
1029 2679 1165 2720 detur-
1182 2678 1298 2720 fides.
1361 2680 1414 2720 In
1438 2695 1733 2735 recompensa-

183 2751 350 2791 cionem
393 2749 556 2790 residui
598 2739 914 2790 iurisdiccionis
955 2748 1325 2798 archidiaconalis,
1369 2763 1451 2804 que
1501 2749 1554 2790 ad
1597 2750 1734 2791 archi-

143 2817 146 2820 *
182 2821 410 2862 diaconum
442 2820 660 2861 Eliensem
690 2819 810 2875 prius
840 2818 1069 2874 pertinuit,
1094 2825 1172 2860 aut
1204 2819 1425 2874 pertinere
1457 2819 1627 2868 debeat,
1657 2836 1733 2862 seu

182 2891 342 2946 poterit
373 2891 418 2931 in
457 2891 668 2939 fut-urum,
699 2889 843 2931 dictus
882 2889 1139 2931 venerabilis
1172 2892 1305 2932 frater
1343 2896 1501 2938 noster,
1532 2889 1734 2932 dominus
