1961 3202
28 1083 64 1122 p.
90 1070 143 1109 39

33 2619 67 2658 p.
92 2607 147 2644 40

707 197 911 226 sTATer
947 197 1211 226 eronALIA
1686 186 1736 224 15

181 298 492 353 ignominiosus
523 300 882 355 peregrinabitur,
906 300 1020 341 sicut
1051 301 1093 341 in
1118 315 1280 342 canone
1312 301 1473 356 legitur
1496 300 1736 340 manifeste.

181 368 295 409 Item
327 384 539 410 sacrorum
572 385 786 411 canonum
818 376 987 411 statuta
1017 371 1242 412 imitantes
1273 370 1455 411 firmiter
1477 370 1738 418 inhibemus,

183 453 234 478 ne
259 439 310 479 de
333 446 474 479 cetero
498 440 537 479 in
565 438 734 493 dyocesi
760 447 904 480 nostra
927 441 1163 480 monachus
1189 441 1251 480 vel
1277 440 1507 480 canonicus
1530 438 1738 493 regularis

181 508 295 548 solus
328 508 418 548 sine
451 509 617 563 collega
650 509 714 549 vel
750 510 880 550 fratre
914 509 1107 550 eiusdem
1143 510 1304 550 ordinis
1337 525 1411 564 per
1443 523 1737 564 quascumque

183 577 447 631 parochiales
476 578 678 618 ecclesias
704 578 826 618 villas
856 578 987 633 opida
1015 594 1089 619 seu
1121 579 1205 619 alio
1236 579 1326 619 loco
1349 573 1650 627 commoretur,
1672 585 1739 619 set

181 662 256 687 sue
299 648 639 693 conversacionis
683 664 758 703 per
805 649 1148 689 cohabitatorem
1200 655 1373 689 tantum
1424 649 1504 689 sibi
1557 648 1736 703 prebeat

181 717 492 759 testimonium.
565 718 630 758 De
669 718 877 772 religiosis
910 719 1186 773 sequuntur*
1221 719 1407 773 quedam
1442 724 1621 766 statuta,
1654 733 1737 773 que

183 788 379 828 volumus
431 795 474 828 et
530 789 800 843 precipimus,
852 789 966 844 quod
1018 789 1186 844 prelati,
1236 789 1533 845 cuiuscunque
1577 788 1739 829 ordinis

181 858 265 898 sint
309 859 371 899 vel
411 874 549 907 sexus,
585 875 672 899 una
708 875 805 899 cum
850 859 1264 899 constitucionibusa
1304 859 1560 900 venerabilis
1602 859 1738 914 patris

182 929 444 982 O[th‹›boni]
473 929 552 969 Dei
578 930 719 980 gracia
742 929 880 969 sancti
911 928 1087 968 Adriani
1111 928 1293 983 dyaconi
1311 929 1550 978 cardinalis,
1568 935 1737 984 aposto-

183 999 260 1039 lice
310 999 423 1040 sedis
478 999 609 1053 legati
669 998 886 1053 quondam
937 998 980 1038 in
1031 998 1205 1054 Anglia,
1258 1004 1302 1039 et
1352 998 1458 1047 aliis,
1510 1014 1593 1053 que
1654 998 1738 1053 legi

181 1069 365 1123 precipit
398 1069 439 1109 in
472 1069 561 1109 suis
590 1069 804 1123 capitulis,
838 1083 979 1109 coram
1008 1068 1199 1123 ipsorum
1234 1069 1518 1109 conventibus
1547 1068 1550 1124 Ι
1580 1068 1736 1109 saltem

183 1140 246 1180 bis
288 1141 411 1180 annis
455 1140 639 1196 singulis
682 1140 767 1195 legi
806 1140 967 1180 faciant
1005 1139 1250 1193 diligenter.
1330 1140 1442 1180 Item
1485 1138 1737 1192 sacrorum†

181 1210 440 1250 auctoritate
487 1209 748 1257 inhibemus,
791 1224 844 1249 ne
894 1209 946 1249 de
997 1216 1142 1250 cetero
1194 1209 1236 1249 in
1289 1209 1541 1264 episcopatu
1592 1215 1737 1250 nostro

183 1280 393 1329 monachi,
415 1279 622 1327 canonic-i,
646 1280 811 1328 fratres,
835 1295 908 1319 seu
943 1280 1306 1329 sanctimoniales,
1332 1280 1547 1334 proprium
1582 1280 1738 1320 habere

182 1358 446 1406 presumant.
530 1352 584 1392 Et
629 1352 664 1391 si
713 1351 808 1406 quis
856 1352 1073 1406 proprium
1124 1351 1291 1406 aliquid
1336 1352 1538 1392 habuerit
1590 1351 1735 1392 incon-

182 1421 343 1462 tinenti
383 1422 583 1475 resignet,
623 1436 699 1461 nec
738 1421 913 1462 estimet
951 1421 1085 1462 abbas
1130 1421 1195 1463 vel
1238 1422 1366 1477 prior,
1407 1422 1627 1463 abbatissa
1670 1422 1736 1463 vel

183 1492 391 1546 priorissa,
430 1491 543 1546 quod
588 1490 640 1531 de
683 1491 925 1545 supplenda
963 1491 1231 1546 proprietate
1275 1492 1409 1546 possit
1446 1507 1542 1532 cum
1581 1492 1740 1546 aliquo.

183 1562 248 1601 vel
292 1577 386 1602 cum
431 1561 577 1616 aliqua
622 1561 804 1616 regulari
851 1576 1028 1615 persona
1073 1561 1334 1615 dispensare,
1376 1562 1477 1616 quia
1519 1562 1739 1603 abdicacio

184 1632 469 1686 pzoprietatis,
501 1632 611 1672 ¹sicut
646 1638 690 1672 et
722 1632 919 1672 custodia
950 1632 1177 1679 castitatis,
1210 1632 1316 1673 adeo
1349 1640 1413 1673 est
1445 1647 1613 1673 annexa
1647 1648 1740 1687 pro-

183 1701 353 1741 fessioni
390 1701 587 1757 regulari,
622 1708 669 1741 ut
703 1708 853 1741 contra
887 1717 980 1742 eam
1020 1717 1216 1742 summus
1256 1702 1449 1756 pontifex
1483 1717 1566 1742 non
1606 1703 1740 1757 possit

183 1771 441 1825 dispensare.
505 1772 866 1825 Contemptores‡⁴
892 1787 989 1812 vero
1024 1771 1140 1812 illius
1167 1772 1493 1812 c‹2›nstit.=1cionis
1521 1773 1740 1813 ecclesias-

184 1841 269 1881 tica
292 1842 590 1881 cmnniunione
615 1842 836 1896 privamus
854 1842 1147 1889 decernentes,
1165 1841 1291 1895 quod,
1310 1842 1345 1881 si
1364 1842 1602 1897 proprietas
1624 1843 1737 1897 apud

183 1925 444 1965 quemquam
477 1912 654 1951 inventa
683 1911 815 1951 fuerit
846 1911 889 1951 in
923 1918 1058 1951 morte
1091 1912 1193 1964 ipsa,
1216 1911 1458 1965 proprietas
1488 1927 1585 1952 cum
1616 1928 1664 1952 eo
1695 1913 1737 1953 in

184 1980 354 2033 siguum
402 1980 660 2034 perdicionis
703 1988 824 2021 extra
873 1980 1134 2021 cimiterium
1179 1981 1457 2031 subterretur,
1502 1983 1737 2023 secundum

183 2049 294 2104 qnod
320 2049 363 2089 in
388 2064 549 2090 canone
572 2050 831 2091 continetur.
885 2050 1012 2099 Item,
1035 2050 1069 2090 si
1092 2050 1255 2091 debiles
1279 2051 1343 2091 vel
1370 2052 1526 2092 infirmi
1551 2052 1736 2107 religiosi

184 2117 455 2160 minucioneb
478 2119 714 2174 indigeant,
733 2120 797 2160 vel
816 2119 900 2159 alia
924 2119 1146 2162 medicina,
1165 2135 1247 2160 non
1266 2135 1456 2161 seorsum
1482 2121 1524 2162 in
1549 2122 1739 2171 cameris,

183 2200 248 2230 set
274 2190 315 2228 in
340 2188 622 2236 infirmitorio,
638 2197 688 2229 ut
711 2204 794 2243 que
814 2189 1051 2229 necessaria
1072 2189 1231 2229 fuerint
1250 2190 1345 2237 sibi,
1361 2196 1451 2231 tam
1473 2191 1514 2230 in
1538 2192 1739 2232 carnibus

183 2274 313 2314 quam
345 2260 387 2298 in
411 2259 519 2307 aliis,
550 2259 764 2313 recipiant
791 2266 1101 2313 competenter,
1124 2260 1241 2299 salvo
1272 2260 1351 2300 hoc
1379 2261 1491 2315 quod
1516 2262 1648 2303 abbas
1673 2263 1738 2303 vel

183 2329 300 2383 prior
332 2327 552 2368 interdum
583 2328 761 2382 aliquos,
785 2335 911 2383 prout
944 2329 1176 2369 necessitas
1208 2330 1504 2384 postulaverit,
1533 2331 1739 2373 advocare

184 2400 328 2453 possit,
364 2399 476 2453 ipsos
513 2414 683 2453 quoque
718 2414 863 2439 secum
901 2399 943 2439 in
981 2414 1148 2439 camera
1184 2416 1262 2441 sua
1300 2401 1453 2442 melius
1491 2408 1535 2443 et
1570 2403 1740 2457 plenius

184 2469 387 2510 exhibere
432 2484 611 2523 persone
650 2469 858 2524 religiose.
922 2470 1036 2509 Item
1075 2470 1324 2519 statuimus,
1364 2480 1410 2513 ut
1449 2474 1740 2515 communiter

184 2540 403 2580 dormiant
432 2539 474 2578 in
503 2539 764 2587 dormitorio,
795 2546 839 2580 et
865 2546 1092 2580 vescantur
1122 2540 1164 2580 in
1198 2541 1432 2591 refectorio,
1463 2542 1545 2584 nisi
1578 2544 1737 2585 iustam

185 2616 228 2650 et
254 2609 492 2664 legitimam
519 2622 689 2648 causam
724 2607 727 2663 Ι
755 2608 946 2649 habeant
969 2608 1284 2663 impedimenti.
1340 2611 1452 2651 Item
1478 2614 1738 2655 auctoritate

185 2679 379 2719 canonici
423 2677 618 2717 instituti
661 2677 905 2718 districcins
948 2678 1208 2729 inhibemus,
1254 2695 1307 2721 ne
1350 2681 1506 2736 aliquis
1548 2683 1737 2739 aliquam

185 2747 479 2787 obedienciam
515 2753 726 2801 perpetuo
758 2747 1073 2801 possidendam,
1108 2756 1312 2804 tanquam
1348 2749 1431 2790 sibi
1463 2750 1506 2791 in
1540 2751 1630 2793 vita
1662 2768 1741 2794 sua

427 2872 442 2885 ᾗ
470 2872 544 2901 MS.
564 2871 730 2910 sequitur.
848 2876 851 2879 '
1128 2874 1148 2907 †
1172 2876 1250 2905 add.
1269 2884 1457 2909 canonum,

426 2929 445 2960 t
471 2926 544 2957 MS.
573 2929 843 2967 contempcoreS.
