<?xml version="1.0" encoding="UTF-8"?>
<!DOCTYPE html PUBLIC "-//W3C//DTD XHTML 1.0 Transitional//EN"
    "http://www.w3.org/TR/xhtml1/DTD/xhtml1-transitional.dtd">
<html xmlns="http://www.w3.org/1999/xhtml" xml:lang="en" lang="en">
 <head>
  <title>
</title>
<meta http-equiv="Content-Type" content="text/html;charset=utf-8" />
  <meta name='ocr-system' content='tesseract 3.04.00' />
  <meta name='ocr-capabilities' content='ocr_page ocr_carea ocr_par ocr_line ocrx_word'/>
</head>
<body>
  <div class='ocr_page' id='page_1' title='image "./vetusliberarchid00churrich_0222.png"; bbox 0 0 1961 3202; ppageno 0'>
   <div class='ocr_carea' id='block_1_1' title="bbox 90 310 233 364">
    <p class='ocr_par' dir='ltr' id='par_1_1' title="bbox 90 310 233 364">
     <span class='ocr_line' id='line_1_1' title="bbox 90 310 233 364; baseline 0.007 -14"><span class='ocrx_word' id='word_1_1' title='bbox 90 325 126 364; x_wconf 88' lang='lat' dir='ltr'>p.</span> <span class='ocrx_word' id='word_1_2' title='bbox 152 310 233 351; x_wconf 84' lang='lat'>179</span> 
     </span>
    </p>
   </div>
   <div class='ocr_carea' id='block_1_2' title="bbox 85 2744 229 2796">
    <p class='ocr_par' dir='ltr' id='par_1_2' title="bbox 85 2744 229 2796">
     <span class='ocr_line' id='line_1_2' title="bbox 85 2744 229 2796; baseline -0.014 -13"><span class='ocrx_word' id='word_1_3' title='bbox 85 2757 122 2796; x_wconf 85' lang='lat' dir='ltr'>p.</span> <span class='ocrx_word' id='word_1_4' title='bbox 149 2744 229 2782; x_wconf 82' lang='lat'>180</span> 
     </span>
    </p>
   </div>
   <div class='ocr_carea' id='block_1_3' title="bbox 328 191 1639 230">
    <p class='ocr_par' dir='ltr' id='par_1_3' title="bbox 328 191 1639 230">
     <span class='ocr_line' id='line_1_3' title="bbox 328 191 1639 230; baseline -0.002 0"><span class='ocrx_word' id='word_1_5' title='bbox 328 191 408 230; x_wconf 77' lang='grc'>168</span> <span class='ocrx_word' id='word_1_6' title='bbox 542 200 795 230; x_wconf 78' lang='lat' dir='ltr'>ORDINAoio</span> <span class='ocrx_word' id='word_1_7' title='bbox 827 199 1027 229; x_wconf 76' lang='lat' dir='ltr'><strong>CAPELLE</strong></span> <span class='ocrx_word' id='word_1_8' title='bbox 1061 199 1119 228; x_wconf 84' lang='lat' dir='ltr'>DE</span> <span class='ocrx_word' id='word_1_9' title='bbox 1151 197 1445 228; x_wconf 78' lang='lat' dir='ltr'>scHELFoRTH</span> <span class='ocrx_word' id='word_1_10' title='bbox 1478 198 1639 227; x_wconf 81' lang='lat' dir='ltr'>MAGNA</span> 
     </span>
    </p>
   </div>
   <div class='ocr_carea' id='block_1_4' title="bbox 316 302 1857 2920">
    <p class='ocr_par' dir='ltr' id='par_1_4' title="bbox 412 302 1390 357">
     <span class='ocr_line' id='line_1_4' title="bbox 412 302 1390 357; baseline -0.002 -13"><span class='ocrx_word' id='word_1_11' title='bbox 412 303 639 344; x_wconf 87' lang='lat' dir='ltr'>Ordinacio</span> <span class='ocrx_word' id='word_1_12' title='bbox 671 303 831 357; x_wconf 88' lang='lat' dir='ltr'>capelle</span> <span class='ocrx_word' id='word_1_13' title='bbox 864 303 915 343; x_wconf 90' lang='lat' dir='ltr'>de</span> <span class='ocrx_word' id='word_1_14' title='bbox 948 302 1191 344; x_wconf 85' lang='lat' dir='ltr'>Sohelforth</span> <span class='ocrx_word' id='word_1_15' title='bbox 1225 317 1390 357; x_wconf 86' lang='lat' dir='ltr'>magna.</span> 
     </span>
    </p>

    <p class='ocr_par' dir='ltr' id='par_1_5' title="bbox 411 371 1528 427">
     <span class='ocr_line' id='line_1_5' title="bbox 411 371 1528 427; baseline -0.002 -14"><span class='ocrx_word' id='word_1_16' title='bbox 411 372 652 426; x_wconf 82' lang='lat' dir='ltr'>Cantar[ia]</span> <span class='ocrx_word' id='word_1_17' title='bbox 684 372 819 412; x_wconf 82' lang='lat' dir='ltr'>saneti</span> <span class='ocrx_word' id='word_1_18' title='bbox 853 371 1063 427; x_wconf 81' lang='lat' dir='ltr'>Stephani</span> <span class='ocrx_word' id='word_1_19' title='bbox 1097 371 1283 425; x_wconf 88' lang='lat' dir='ltr'>vocat[a]</span> <span class='ocrx_word' id='word_1_20' title='bbox 1316 371 1528 412; x_wconf 83' lang='lat' dir='ltr'>Grendon.</span> 
     </span>
    </p>

    <p class='ocr_par' dir='ltr' id='par_1_6' title="bbox 316 439 1857 2920">
     <span class='ocr_line' id='line_1_6' title="bbox 411 439 1852 495; baseline -0.002 -13"><span class='ocrx_word' id='word_1_21' title='bbox 411 442 499 495; x_wconf 76' lang='lat' dir='ltr'>[xiv</span> <span class='ocrx_word' id='word_1_22' title='bbox 515 442 567 495; x_wconf 91' lang='lat' dir='ltr'>c.]</span> <span class='ocrx_word' id='word_1_23' title='bbox 591 442 685 482; x_wconf 90' lang='lat' dir='ltr'>Hec</span> <span class='ocrx_word' id='word_1_24' title='bbox 707 447 773 481; x_wconf 85' lang='lat' dir='ltr'>est</span> <span class='ocrx_word' id='word_1_25' title='bbox 796 441 1011 481; x_wconf 75' lang='lat' dir='ltr'>ordinacio</span> <span class='ocrx_word' id='word_1_26' title='bbox 1029 440 1189 494; x_wconf 88' lang='lat' dir='ltr'>capelle</span> <span class='ocrx_word' id='word_1_27' title='bbox 1208 440 1370 480; x_wconf 87' lang='lat' dir='ltr'>domini</span> <span class='ocrx_word' id='word_1_28' title='bbox 1386 440 1591 481; x_wconf 81' lang='lat' dir='ltr'>Iohannis</span> <span class='ocrx_word' id='word_1_29' title='bbox 1609 439 1646 480; x_wconf 89' lang='lat' dir='ltr'>le</span> <span class='ocrx_word' id='word_1_30' title='bbox 1670 439 1852 493; x_wconf 77' lang='lat' dir='ltr'>Moynea</span> 
     </span>
     <span class='ocr_line' id='line_1_7' title="bbox 322 509 1854 565; baseline -0.001 -14"><span class='ocrx_word' id='word_1_31' title='bbox 322 511 366 551; x_wconf 91' lang='lat' dir='ltr'>in</span> <span class='ocrx_word' id='word_1_32' title='bbox 408 511 546 552; x_wconf 87' lang='lat' dir='ltr'>tribus</span> <span class='ocrx_word' id='word_1_33' title='bbox 587 512 756 565; x_wconf 88' lang='lat' dir='ltr'>scriptis</span> <span class='ocrx_word' id='word_1_34' title='bbox 798 511 842 550; x_wconf 91' lang='lat' dir='ltr'>in</span> <span class='ocrx_word' id='word_1_35' title='bbox 886 510 1020 551; x_wconf 89' lang='lat' dir='ltr'>modis</span> <span class='ocrx_word' id='word_1_36' title='bbox 1063 510 1314 565; x_wconf 75' lang='lat' dir='ltr'>cyrographi</span> <span class='ocrx_word' id='word_1_37' title='bbox 1356 510 1572 557; x_wconf 85' lang='lat' dir='ltr'>confectis,</span> <span class='ocrx_word' id='word_1_38' title='bbox 1612 509 1725 550; x_wconf 91' lang='lat' dir='ltr'>unde</span> <span class='ocrx_word' id='word_1_39' title='bbox 1768 524 1854 549; x_wconf 87' lang='lat' dir='ltr'>una</span> 
     </span>
     <span class='ocr_line' id='line_1_8' title="bbox 324 578 1856 635; baseline -0.003 -14"><span class='ocrx_word' id='word_1_40' title='bbox 324 596 417 635; x_wconf 89' lang='lat' dir='ltr'>pars</span> <span class='ocrx_word' id='word_1_41' title='bbox 446 588 639 621; x_wconf 84' lang='lat' dir='ltr'>remanet</span> <span class='ocrx_word' id='word_1_42' title='bbox 668 595 797 635; x_wconf 87' lang='lat' dir='ltr'>penes</span> <span class='ocrx_word' id='word_1_43' title='bbox 819 580 1041 621; x_wconf 86' lang='lat' dir='ltr'>dominum</span> <span class='ocrx_word' id='word_1_44' title='bbox 1064 579 1429 620; x_wconf 86' lang='lat' dir='ltr'>Archidiaconum</span> <span class='ocrx_word' id='word_1_45' title='bbox 1455 579 1684 627; x_wconf 84' lang='lat' dir='ltr'>Eliensem,</span> <span class='ocrx_word' id='word_1_46' title='bbox 1706 585 1749 618; x_wconf 87' lang='lat' dir='ltr'>et</span> <span class='ocrx_word' id='word_1_47' title='bbox 1772 578 1856 618; x_wconf 87' lang='lat' dir='ltr'>alia</span> 
     </span>
     <span class='ocr_line' id='line_1_9' title="bbox 322 648 1856 704; baseline -0.003 -13"><span class='ocrx_word' id='word_1_48' title='bbox 322 665 451 704; x_wconf 90' lang='lat' dir='ltr'>penes</span> <span class='ocrx_word' id='word_1_49' title='bbox 488 650 756 691; x_wconf 88' lang='lat' dir='ltr'>antedictum</span> <span class='ocrx_word' id='word_1_50' title='bbox 791 650 1030 690; x_wconf 81' lang='lat' dir='ltr'>Iohannem</span> <span class='ocrx_word' id='word_1_51' title='bbox 1068 649 1106 689; x_wconf 89' lang='lat' dir='ltr'>le</span> <span class='ocrx_word' id='word_1_52' title='bbox 1146 649 1313 703; x_wconf 87' lang='lat' dir='ltr'>Moyne,</span> <span class='ocrx_word' id='word_1_53' title='bbox 1345 656 1388 690; x_wconf 90' lang='lat' dir='ltr'>et</span> <span class='ocrx_word' id='word_1_54' title='bbox 1425 648 1556 689; x_wconf 88' lang='lat' dir='ltr'>tercia</span> <span class='ocrx_word' id='word_1_55' title='bbox 1594 663 1688 702; x_wconf 85' lang='lat' dir='ltr'>pars</span> <span class='ocrx_word' id='word_1_56' title='bbox 1724 662 1856 702; x_wconf 88' lang='lat' dir='ltr'>penes</span> 
     </span>
     <span class='ocr_line' id='line_1_10' title="bbox 320 716 1857 774; baseline -0.003 -14"><span class='ocrx_word' id='word_1_57' title='bbox 320 719 589 774; x_wconf 81' lang='lat' dir='ltr'>capellanum</span> <span class='ocrx_word' id='word_1_58' title='bbox 626 719 686 759; x_wconf 85' lang='lat' dir='ltr'>ibi</span> <span class='ocrx_word' id='word_1_59' title='bbox 723 719 1048 760; x_wconf 72' lang='lat' dir='ltr'>deservientem.</span> <span class='ocrx_word' id='word_1_60' title='bbox 1111 718 1205 758; x_wconf 89' lang='lat' dir='ltr'>Hec</span> <span class='ocrx_word' id='word_1_61' title='bbox 1238 724 1300 758; x_wconf 80' lang='lat' dir='ltr'>est</span> <span class='ocrx_word' id='word_1_62' title='bbox 1333 718 1563 758; x_wconf 85' lang='lat' dir='ltr'>convencio</span> <span class='ocrx_word' id='word_1_63' title='bbox 1597 717 1710 757; x_wconf 78' lang='lat' dir='ltr'>facta</span> <span class='ocrx_word' id='word_1_64' title='bbox 1742 716 1857 756; x_wconf 81' lang='lat' dir='ltr'>inter</span> 
     </span>
     <span class='ocr_line' id='line_1_11' title="bbox 319 786 1855 842; baseline -0.001 -14"><span class='ocrx_word' id='word_1_65' title='bbox 319 788 540 828; x_wconf 88' lang='lat' dir='ltr'>dominum</span> <span class='ocrx_word' id='word_1_66' title='bbox 566 787 803 828; x_wconf 85' lang='lat' dir='ltr'>Iohannem</span> <span class='ocrx_word' id='word_1_67' title='bbox 822 788 862 828; x_wconf 92' lang='lat' dir='ltr'>le</span> <span class='ocrx_word' id='word_1_68' title='bbox 880 787 1049 842; x_wconf 82' lang='lat' dir='ltr'>Moyne,</span> <span class='ocrx_word' id='word_1_69' title='bbox 1068 787 1202 827; x_wconf 88' lang='lat' dir='ltr'>filium</span> <span class='ocrx_word' id='word_1_70' title='bbox 1227 786 1389 827; x_wconf 90' lang='lat' dir='ltr'>domini</span> <span class='ocrx_word' id='word_1_71' title='bbox 1409 787 1610 827; x_wconf 86' lang='lat' dir='ltr'>Nicholai</span> <span class='ocrx_word' id='word_1_72' title='bbox 1629 786 1666 827; x_wconf 90' lang='lat' dir='ltr'>le</span> <span class='ocrx_word' id='word_1_73' title='bbox 1687 786 1855 839; x_wconf 85' lang='lat' dir='ltr'>Moyne‚</span> 
     </span>
     <span class='ocr_line' id='line_1_12' title="bbox 320 854 1854 911; baseline -0.001 -15"><span class='ocrx_word' id='word_1_74' title='bbox 320 870 371 896; x_wconf 76' lang='lat' dir='ltr'>ex</span> <span class='ocrx_word' id='word_1_75' title='bbox 402 871 486 896; x_wconf 90' lang='lat' dir='ltr'>una</span> <span class='ocrx_word' id='word_1_76' title='bbox 515 864 647 911; x_wconf 86' lang='lat' dir='ltr'>parte,</span> <span class='ocrx_word' id='word_1_77' title='bbox 673 864 716 897; x_wconf 89' lang='lat' dir='ltr'>et</span> <span class='ocrx_word' id='word_1_78' title='bbox 746 856 1006 896; x_wconf 87' lang='lat' dir='ltr'>Nicholaum</span> <span class='ocrx_word' id='word_1_79' title='bbox 1030 856 1081 896; x_wconf 87' lang='lat' dir='ltr'>de</span> <span class='ocrx_word' id='word_1_80' title='bbox 1106 855 1234 905; x_wconf 49' lang='lat' dir='ltr'>Santi,</span> <span class='ocrx_word' id='word_1_81' title='bbox 1257 855 1472 905; x_wconf 89' lang='lat' dir='ltr'>clericum,</span> <span class='ocrx_word' id='word_1_82' title='bbox 1494 871 1544 896; x_wconf 82' lang='lat' dir='ltr'>ex</span> <span class='ocrx_word' id='word_1_83' title='bbox 1568 855 1716 903; x_wconf 87' lang='lat' dir='ltr'>altera,</span> <span class='ocrx_word' id='word_1_84' title='bbox 1738 854 1854 894; x_wconf 88' lang='lat' dir='ltr'>vide-</span> 
     </span>
     <span class='ocr_line' id='line_1_13' title="bbox 319 923 1855 981; baseline -0.001 -16"><span class='ocrx_word' id='word_1_85' title='bbox 319 926 419 967; x_wconf 86' lang='lat' dir='ltr'>licet</span> <span class='ocrx_word' id='word_1_86' title='bbox 446 926 560 981; x_wconf 88' lang='lat' dir='ltr'>quod</span> <span class='ocrx_word' id='word_1_87' title='bbox 590 925 811 981; x_wconf 89' lang='lat' dir='ltr'>predictus</span> <span class='ocrx_word' id='word_1_88' title='bbox 839 926 1053 966; x_wconf 87' lang='lat' dir='ltr'>Iohannes</span> <span class='ocrx_word' id='word_1_89' title='bbox 1076 940 1151 980; x_wconf 88' lang='lat' dir='ltr'>pro</span> <span class='ocrx_word' id='word_1_90' title='bbox 1180 924 1324 965; x_wconf 87' lang='lat' dir='ltr'>anima</span> <span class='ocrx_word' id='word_1_91' title='bbox 1346 940 1434 973; x_wconf 86' lang='lat' dir='ltr'>sua,</span> <span class='ocrx_word' id='word_1_92' title='bbox 1456 932 1500 966; x_wconf 90' lang='lat' dir='ltr'>et</span> <span class='ocrx_word' id='word_1_93' title='bbox 1530 939 1604 979; x_wconf 84' lang='lat' dir='ltr'>pro</span> <span class='ocrx_word' id='word_1_94' title='bbox 1626 923 1855 964; x_wconf 83' lang='lat' dir='ltr'>animabus</span> 
     </span>
     <span class='ocr_line' id='line_1_14' title="bbox 319 992 1854 1050; baseline -0.002 -14"><span class='ocrx_word' id='word_1_95' title='bbox 319 1010 499 1036; x_wconf 85' lang='lat' dir='ltr'>uxorum</span> <span class='ocrx_word' id='word_1_96' title='bbox 532 1010 718 1041; x_wconf 76' lang='lat' dir='ltr'>suarum,</span> <span class='ocrx_word' id='word_1_97' title='bbox 748 1002 792 1035; x_wconf 90' lang='lat' dir='ltr'>et</span> <span class='ocrx_word' id='word_1_98' title='bbox 825 1009 900 1050; x_wconf 90' lang='lat' dir='ltr'>pro</span> <span class='ocrx_word' id='word_1_99' title='bbox 933 994 1159 1035; x_wconf 81' lang='lat' dir='ltr'>animabus</span> <span class='ocrx_word' id='word_1_100' title='bbox 1191 1001 1378 1048; x_wconf 82' lang='lat' dir='ltr'>patrum,</span> <span class='ocrx_word' id='word_1_101' title='bbox 1408 1002 1595 1034; x_wconf 87' lang='lat' dir='ltr'>matrum</span> <span class='ocrx_word' id='word_1_102' title='bbox 1629 1000 1673 1034; x_wconf 88' lang='lat' dir='ltr'>et</span> <span class='ocrx_word' id='word_1_103' title='bbox 1705 992 1854 1048; x_wconf 85' lang='lat' dir='ltr'>prede-</span> 
     </span>
     <span class='ocr_line' id='line_1_15' title="bbox 318 1063 1855 1117; baseline -0.001 -12"><span class='ocrx_word' id='word_1_104' title='bbox 318 1078 559 1114; x_wconf 78' lang='lat' dir='ltr'>cess0rum3</span> <span class='ocrx_word' id='word_1_105' title='bbox 591 1080 638 1104; x_wconf 91' lang='lat' dir='ltr'>ac</span> <span class='ocrx_word' id='word_1_106' title='bbox 676 1078 965 1105; x_wconf 86' lang='lat' dir='ltr'>successorum</span> <span class='ocrx_word' id='word_1_107' title='bbox 1005 1078 1191 1112; x_wconf 84' lang='lat' dir='ltr'>suorum,</span> <span class='ocrx_word' id='word_1_108' title='bbox 1225 1063 1346 1104; x_wconf 89' lang='lat' dir='ltr'>dedit</span> <span class='ocrx_word' id='word_1_109' title='bbox 1378 1070 1421 1104; x_wconf 84' lang='lat' dir='ltr'>et</span> <span class='ocrx_word' id='word_1_110' title='bbox 1453 1063 1658 1104; x_wconf 85' lang='lat' dir='ltr'>concessit</span> <span class='ocrx_word' id='word_1_111' title='bbox 1690 1063 1855 1117; x_wconf 87' lang='lat' dir='ltr'>prefato</span> 
     </span>
     <span class='ocr_line' id='line_1_16' title="bbox 319 1131 1855 1188; baseline -0.002 -14"><span class='ocrx_word' id='word_1_112' title='bbox 319 1133 528 1174; x_wconf 84' lang='lat' dir='ltr'>Nicholao</span> <span class='ocrx_word' id='word_1_113' title='bbox 555 1139 598 1174; x_wconf 89' lang='lat' dir='ltr'>et</span> <span class='ocrx_word' id='word_1_114' title='bbox 624 1133 938 1174; x_wconf 85' lang='lat' dir='ltr'>successoribus</span> <span class='ocrx_word' id='word_1_115' title='bbox 964 1133 1053 1174; x_wconf 86' lang='lat' dir='ltr'>suis</span> <span class='ocrx_word' id='word_1_116' title='bbox 1079 1133 1295 1188; x_wconf 86' lang='lat' dir='ltr'>quoddam</span> <span class='ocrx_word' id='word_1_117' title='bbox 1325 1134 1603 1187; x_wconf 81' lang='lat' dir='ltr'>mesuagium,</span> <span class='ocrx_word' id='word_1_118' title='bbox 1630 1131 1742 1187; x_wconf 88' lang='lat' dir='ltr'>quod</span> <span class='ocrx_word' id='word_1_119' title='bbox 1773 1132 1855 1172; x_wconf 87' lang='lat' dir='ltr'>fuit</span> 
     </span>
     <span class='ocr_line' id='line_1_17' title="bbox 323 1201 1855 1257; baseline -0.001 -15"><span class='ocrx_word' id='word_1_120' title='bbox 323 1203 525 1244; x_wconf 87' lang='lat' dir='ltr'>Willelmi</span> <span class='ocrx_word' id='word_1_121' title='bbox 556 1203 786 1252; x_wconf 86' lang='lat' dir='ltr'>Loverade,</span> <span class='ocrx_word' id='word_1_122' title='bbox 815 1218 901 1243; x_wconf 90' lang='lat' dir='ltr'>una</span> <span class='ocrx_word' id='word_1_123' title='bbox 926 1217 1021 1243; x_wconf 86' lang='lat' dir='ltr'>cum</span> <span class='ocrx_word' id='word_1_124' title='bbox 1054 1203 1187 1242; x_wconf 87' lang='lat' dir='ltr'>crofta</span> <span class='ocrx_word' id='word_1_125' title='bbox 1219 1208 1263 1242; x_wconf 93' lang='lat' dir='ltr'>et</span> <span class='ocrx_word' id='word_1_126' title='bbox 1294 1201 1477 1257; x_wconf 84' lang='lat' dir='ltr'>triginta</span> <span class='ocrx_word' id='word_1_127' title='bbox 1508 1216 1626 1242; x_wconf 88' lang='lat' dir='ltr'>acras</span> <span class='ocrx_word' id='word_1_128' title='bbox 1659 1207 1782 1249; x_wconf 87' lang='lat' dir='ltr'>terre,</span> <span class='ocrx_word' id='word_1_129' title='bbox 1812 1206 1855 1240; x_wconf 91' lang='lat' dir='ltr'>et</span> 
     </span>
     <span class='ocr_line' id='line_1_18' title="bbox 320 1271 1856 1326; baseline -0.001 -14"><span class='ocrx_word' id='word_1_130' title='bbox 320 1288 447 1313; x_wconf 88' lang='lat' dir='ltr'>unam</span> <span class='ocrx_word' id='word_1_131' title='bbox 470 1287 611 1313; x_wconf 82' lang='lat' dir='ltr'>acram</span> <span class='ocrx_word' id='word_1_132' title='bbox 638 1272 749 1326; x_wconf 88' lang='lat' dir='ltr'>prati</span> <span class='ocrx_word' id='word_1_133' title='bbox 781 1278 825 1312; x_wconf 91' lang='lat' dir='ltr'>et</span> <span class='ocrx_word' id='word_1_134' title='bbox 856 1272 1012 1326; x_wconf 80' lang='lat' dir='ltr'>viginti</span> <span class='ocrx_word' id='word_1_135' title='bbox 1041 1271 1196 1312; x_wconf 91' lang='lat' dir='ltr'>solidos</span> <span class='ocrx_word' id='word_1_136' title='bbox 1224 1272 1356 1312; x_wconf 87' lang='lat' dir='ltr'>annui</span> <span class='ocrx_word' id='word_1_137' title='bbox 1381 1271 1583 1320; x_wconf 86' lang='lat' dir='ltr'>redditus,</span> <span class='ocrx_word' id='word_1_138' title='bbox 1606 1286 1701 1311; x_wconf 89' lang='lat' dir='ltr'>cum</span> <span class='ocrx_word' id='word_1_139' title='bbox 1726 1271 1856 1325; x_wconf 87' lang='lat' dir='ltr'>perti-</span> 
     </span>
     <span class='ocr_line' id='line_1_19' title="bbox 319 1340 1856 1397; baseline -0.001 -15"><span class='ocrx_word' id='word_1_140' title='bbox 319 1342 478 1383; x_wconf 88' lang='lat' dir='ltr'>nenciis</span> <span class='ocrx_word' id='word_1_141' title='bbox 502 1343 542 1382; x_wconf 86' lang='lat' dir='ltr'>in</span> <span class='ocrx_word' id='word_1_142' title='bbox 568 1357 723 1397; x_wconf 86' lang='lat' dir='ltr'>magna</span> <span class='ocrx_word' id='word_1_143' title='bbox 745 1341 980 1392; x_wconf 81' lang='lat' dir='ltr'>Schelford,</span> <span class='ocrx_word' id='word_1_144' title='bbox 1003 1348 1046 1382; x_wconf 93' lang='lat' dir='ltr'>et</span> <span class='ocrx_word' id='word_1_145' title='bbox 1070 1348 1330 1396; x_wconf 81' lang='lat' dir='ltr'>potestatem</span> <span class='ocrx_word' id='word_1_146' title='bbox 1355 1341 1525 1381; x_wconf 88' lang='lat' dir='ltr'>levandi</span> <span class='ocrx_word' id='word_1_147' title='bbox 1549 1340 1705 1381; x_wconf 88' lang='lat' dir='ltr'>faldam</span> <span class='ocrx_word' id='word_1_148' title='bbox 1728 1355 1856 1395; x_wconf 86' lang='lat' dir='ltr'>super</span> 
     </span>
     <span class='ocr_line' id='line_1_20' title="bbox 318 1411 1856 1466; baseline -0.002 -13"><span class='ocrx_word' id='word_1_149' title='bbox 318 1412 497 1454; x_wconf 88' lang='lat' dir='ltr'>eandem</span> <span class='ocrx_word' id='word_1_150' title='bbox 547 1419 702 1453; x_wconf 87' lang='lat' dir='ltr'>terram</span> <span class='ocrx_word' id='word_1_151' title='bbox 752 1411 989 1452; x_wconf 88' lang='lat' dir='ltr'>secundum</span> <span class='ocrx_word' id='word_1_152' title='bbox 1043 1412 1335 1466; x_wconf 70' lang='lat' dir='ltr'>quantitatem</span> <span class='ocrx_word' id='word_1_153' title='bbox 1389 1411 1504 1451; x_wconf 80' lang='lat' dir='ltr'>illius</span> <span class='ocrx_word' id='word_1_154' title='bbox 1557 1418 1680 1459; x_wconf 84' lang='lat' dir='ltr'>terre,</span> <span class='ocrx_word' id='word_1_155' title='bbox 1729 1416 1856 1464; x_wconf 89' lang='lat' dir='ltr'>prout</span> 
     </span>
     <span class='ocr_line' id='line_1_21' title="bbox 317 1480 1855 1530; baseline -0.001 -7"><span class='ocrx_word' id='word_1_156' title='bbox 317 1482 564 1523; x_wconf 84' lang='lat' dir='ltr'>continetur</span> <span class='ocrx_word' id='word_1_157' title='bbox 600 1482 645 1522; x_wconf 92' lang='lat' dir='ltr'>in</span> <span class='ocrx_word' id='word_1_158' title='bbox 681 1488 799 1522; x_wconf 84' lang='lat' dir='ltr'>carta</span> <span class='ocrx_word' id='word_1_159' title='bbox 839 1481 1107 1522; x_wconf 77' lang='lat' dir='ltr'>feoffamenti</span> <span class='ocrx_word' id='word_1_160' title='bbox 1148 1481 1248 1522; x_wconf 90' lang='lat' dir='ltr'>inde</span> <span class='ocrx_word' id='word_1_161' title='bbox 1290 1483 1494 1530; x_wconf 83' lang='lat' dir='ltr'>confecta,</span> <span class='ocrx_word' id='word_1_162' title='bbox 1530 1481 1580 1521; x_wconf 89' lang='lat' dir='ltr'>ad</span> <span class='ocrx_word' id='word_1_163' title='bbox 1624 1480 1771 1521; x_wconf 87' lang='lat' dir='ltr'>divina</span> <span class='ocrx_word' id='word_1_164' title='bbox 1812 1481 1855 1521; x_wconf 89' lang='lat' dir='ltr'>in</span> 
     </span>
     <span class='ocr_line' id='line_1_22' title="bbox 317 1550 1854 1607; baseline -0.001 -15"><span class='ocrx_word' id='word_1_165' title='bbox 317 1551 479 1606; x_wconf 81' lang='lat' dir='ltr'>capella</span> <span class='ocrx_word' id='word_1_166' title='bbox 502 1552 635 1607; x_wconf 85' lang='lat' dir='ltr'>ipsius</span> <span class='ocrx_word' id='word_1_167' title='bbox 658 1551 864 1592; x_wconf 87' lang='lat' dir='ltr'>Iohannis</span> <span class='ocrx_word' id='word_1_168' title='bbox 887 1552 929 1591; x_wconf 89' lang='grc'>111</span> <span class='ocrx_word' id='word_1_169' title='bbox 954 1551 1145 1605; x_wconf 81' lang='lat' dir='ltr'>predicta</span> <span class='ocrx_word' id='word_1_170' title='bbox 1170 1550 1271 1591; x_wconf 89' lang='lat' dir='ltr'>villa</span> <span class='ocrx_word' id='word_1_171' title='bbox 1292 1566 1368 1605; x_wconf 89' lang='lat' dir='ltr'>per</span> <span class='ocrx_word' id='word_1_172' title='bbox 1389 1566 1432 1591; x_wconf 86' lang='lat' dir='ltr'>se</span> <span class='ocrx_word' id='word_1_173' title='bbox 1459 1551 1521 1591; x_wconf 89' lang='lat' dir='ltr'>vel</span> <span class='ocrx_word' id='word_1_174' title='bbox 1550 1566 1624 1605; x_wconf 90' lang='lat' dir='ltr'>per</span> <span class='ocrx_word' id='word_1_175' title='bbox 1645 1550 1854 1603; x_wconf 56' lang='lat' dir='ltr'>ydoneam</span> 
     </span>
     <span class='ocr_line' id='line_1_23' title="bbox 318 1621 1856 1676; baseline 0 -15"><span class='ocrx_word' id='word_1_176' title='bbox 318 1636 539 1676; x_wconf 85' lang='lat' dir='ltr'>personam</span> <span class='ocrx_word' id='word_1_177' title='bbox 571 1622 807 1662; x_wconf 88' lang='lat' dir='ltr'>secundum</span> <span class='ocrx_word' id='word_1_178' title='bbox 846 1622 1025 1661; x_wconf 87' lang='lat' dir='ltr'>formam</span> <span class='ocrx_word' id='word_1_179' title='bbox 1063 1621 1349 1676; x_wconf 83' lang='lat' dir='ltr'>subscriptam</span> <span class='ocrx_word' id='word_1_180' title='bbox 1391 1621 1708 1676; x_wconf 87' lang='lat' dir='ltr'>imperpetuum</span> <span class='ocrx_word' id='word_1_181' title='bbox 1748 1622 1856 1661; x_wconf 90' lang='lat' dir='ltr'>cele-</span> 
     </span>
     <span class='ocr_line' id='line_1_24' title="bbox 317 1690 1856 1746; baseline 0 -16"><span class='ocrx_word' id='word_1_182' title='bbox 317 1690 504 1731; x_wconf 87' lang='lat' dir='ltr'>branda:</span> <span class='ocrx_word' id='word_1_183' title='bbox 540 1690 740 1731; x_wconf 86' lang='lat' dir='ltr'>videlicet</span> <span class='ocrx_word' id='word_1_184' title='bbox 770 1691 883 1746; x_wconf 88' lang='lat' dir='ltr'>quod</span> <span class='ocrx_word' id='word_1_185' title='bbox 914 1690 1134 1745; x_wconf 84' lang='lat' dir='ltr'>predictus</span> <span class='ocrx_word' id='word_1_186' title='bbox 1164 1690 1400 1730; x_wconf 78' lang='lat' dir='ltr'>Nicholaus</span> <span class='ocrx_word' id='word_1_187' title='bbox 1427 1697 1470 1731; x_wconf 87' lang='lat' dir='ltr'>et</span> <span class='ocrx_word' id='word_1_188' title='bbox 1499 1704 1760 1730; x_wconf 83' lang='lat' dir='ltr'>successores</span> <span class='ocrx_word' id='word_1_189' title='bbox 1789 1690 1856 1731; x_wconf 89' lang='lat' dir='ltr'>sui</span> 
     </span>
     <span class='ocr_line' id='line_1_25' title="bbox 316 1759 1854 1814; baseline 0.001 -15"><span class='ocrx_word' id='word_1_190' title='bbox 316 1760 509 1814; x_wconf 81' lang='lat' dir='ltr'>qualibet</span> <span class='ocrx_word' id='word_1_191' title='bbox 539 1760 607 1800; x_wconf 91' lang='lat' dir='ltr'>die</span> <span class='ocrx_word' id='word_1_192' title='bbox 637 1759 809 1801; x_wconf 76' lang='lat' dir='ltr'>dicantb</span> <span class='ocrx_word' id='word_1_193' title='bbox 834 1760 1063 1801; x_wconf 85' lang='lat' dir='ltr'>servicium</span> <span class='ocrx_word' id='word_1_194' title='bbox 1086 1760 1138 1800; x_wconf 89' lang='lat' dir='ltr'>de</span> <span class='ocrx_word' id='word_1_195' title='bbox 1161 1760 1377 1800; x_wconf 87' lang='lat' dir='ltr'>defunctis</span> <span class='ocrx_word' id='word_1_196' title='bbox 1398 1759 1582 1811; x_wconf 83' lang='lat' dir='ltr'>(scilicet</span> <span class='ocrx_word' id='word_1_197' title='bbox 1611 1759 1789 1801; x_wconf 71' lang='lat' dir='ltr'>Placebo</span> <span class='ocrx_word' id='word_1_198' title='bbox 1811 1765 1854 1800; x_wconf 90' lang='lat' dir='ltr'>et</span> 
     </span>
     <span class='ocr_line' id='line_1_26' title="bbox 317 1829 1854 1884; baseline -0.001 -14"><span class='ocrx_word' id='word_1_199' title='bbox 317 1829 499 1884; x_wconf 66' lang='lat' dir='ltr'>Dirigye),</span> <span class='ocrx_word' id='word_1_200' title='bbox 532 1838 575 1870; x_wconf 90' lang='lat' dir='ltr'>et</span> <span class='ocrx_word' id='word_1_201' title='bbox 613 1830 853 1870; x_wconf 89' lang='lat' dir='ltr'>cantabunt</span> <span class='ocrx_word' id='word_1_202' title='bbox 893 1829 957 1870; x_wconf 92' lang='lat' dir='ltr'>vel</span> <span class='ocrx_word' id='word_1_203' title='bbox 995 1829 1153 1869; x_wconf 83' lang='lat' dir='ltr'>facient</span> <span class='ocrx_word' id='word_1_204' title='bbox 1185 1829 1348 1869; x_wconf 77' lang='lat' dir='ltr'>cantari</span> <span class='ocrx_word' id='word_1_205' title='bbox 1381 1829 1423 1869; x_wconf 91' lang='lat' dir='ltr'>in</span> <span class='ocrx_word' id='word_1_206' title='bbox 1457 1829 1550 1883; x_wconf 77' lang='lat' dir='ltr'>ipsa</span> <span class='ocrx_word' id='word_1_207' title='bbox 1581 1829 1744 1883; x_wconf 84' lang='lat' dir='ltr'>capella</span> <span class='ocrx_word' id='word_1_208' title='bbox 1782 1843 1854 1883; x_wconf 89' lang='lat' dir='ltr'>pro</span> 
     </span>
     <span class='ocr_line' id='line_1_27' title="bbox 318 1897 1855 1953; baseline 0 -15"><span class='ocrx_word' id='word_1_209' title='bbox 318 1898 542 1939; x_wconf 83' lang='lat' dir='ltr'>animabus</span> <span class='ocrx_word' id='word_1_210' title='bbox 574 1898 780 1953; x_wconf 83' lang='lat' dir='ltr'>predictis</span> <span class='ocrx_word' id='word_1_211' title='bbox 812 1898 1005 1953; x_wconf 80' lang='lat' dir='ltr'>qualibet</span> <span class='ocrx_word' id='word_1_212' title='bbox 1038 1897 1107 1938; x_wconf 88' lang='lat' dir='ltr'>die</span> <span class='ocrx_word' id='word_1_213' title='bbox 1139 1897 1353 1938; x_wconf 86' lang='lat' dir='ltr'>dominica</span> <span class='ocrx_word' id='word_1_214' title='bbox 1384 1898 1435 1938; x_wconf 88' lang='lat' dir='ltr'>de</span> <span class='ocrx_word' id='word_1_215' title='bbox 1467 1897 1548 1946; x_wconf 89' lang='lat' dir='ltr'>die,</span> <span class='ocrx_word' id='word_1_216' title='bbox 1576 1904 1620 1938; x_wconf 90' lang='lat' dir='ltr'>et</span> <span class='ocrx_word' id='word_1_217' title='bbox 1652 1898 1720 1938; x_wconf 85' lang='lat' dir='ltr'>die</span> <span class='ocrx_word' id='word_1_218' title='bbox 1755 1897 1855 1938; x_wconf 92' lang='lat' dir='ltr'>lune</span> 
     </span>
     <span class='ocr_line' id='line_1_28' title="bbox 317 1966 1855 2022; baseline -0.001 -14"><span class='ocrx_word' id='word_1_219' title='bbox 317 1967 536 2022; x_wconf 51' lang='lat' dir='ltr'>Remmiam,</span> <span class='ocrx_word' id='word_1_220' title='bbox 568 1974 611 2008; x_wconf 87' lang='lat' dir='ltr'>et</span> <span class='ocrx_word' id='word_1_221' title='bbox 647 1967 716 2008; x_wconf 91' lang='lat' dir='ltr'>die</span> <span class='ocrx_word' id='word_1_222' title='bbox 755 1967 906 2008; x_wconf 89' lang='lat' dir='ltr'>martis</span> <span class='ocrx_word' id='word_1_223' title='bbox 938 1967 990 2007; x_wconf 89' lang='lat' dir='ltr'>de</span> <span class='ocrx_word' id='word_1_224' title='bbox 1024 1973 1170 2007; x_wconf 85' lang='lat' dir='ltr'>sancto</span> <span class='ocrx_word' id='word_1_225' title='bbox 1203 1966 1436 2022; x_wconf 80' lang='lat' dir='ltr'>Stephano,</span> <span class='ocrx_word' id='word_1_226' title='bbox 1469 1974 1513 2008; x_wconf 94' lang='lat' dir='ltr'>et</span> <span class='ocrx_word' id='word_1_227' title='bbox 1550 1967 1618 2007; x_wconf 88' lang='lat' dir='ltr'>die</span> <span class='ocrx_word' id='word_1_228' title='bbox 1657 1967 1855 2007; x_wconf 87' lang='lat' dir='ltr'>mercurii</span> 
     </span>
     <span class='ocr_line' id='line_1_29' title="bbox 316 2035 1856 2091; baseline -0.001 -14"><span class='ocrx_word' id='word_1_229' title='bbox 316 2035 534 2091; x_wconf 73' lang='lat' dir='ltr'>Requiem,</span> <span class='ocrx_word' id='word_1_230' title='bbox 557 2044 599 2076; x_wconf 87' lang='lat' dir='ltr'>et</span> <span class='ocrx_word' id='word_1_231' title='bbox 621 2036 690 2076; x_wconf 85' lang='lat' dir='ltr'>die</span> <span class='ocrx_word' id='word_1_232' title='bbox 713 2036 818 2076; x_wconf 82' lang='lat' dir='ltr'>iovis</span> <span class='ocrx_word' id='word_1_233' title='bbox 839 2036 892 2077; x_wconf 90' lang='lat' dir='ltr'>de</span> <span class='ocrx_word' id='word_1_234' title='bbox 922 2043 1069 2077; x_wconf 84' lang='lat' dir='ltr'>sancto</span> <span class='ocrx_word' id='word_1_235' title='bbox 1096 2035 1263 2089; x_wconf 86' lang='lat' dir='ltr'>spiritu,</span> <span class='ocrx_word' id='word_1_236' title='bbox 1285 2042 1328 2076; x_wconf 91' lang='lat' dir='ltr'>et</span> <span class='ocrx_word' id='word_1_237' title='bbox 1350 2036 1418 2076; x_wconf 88' lang='lat' dir='ltr'>die</span> <span class='ocrx_word' id='word_1_238' title='bbox 1446 2037 1612 2076; x_wconf 89' lang='lat' dir='ltr'>veneris</span> <span class='ocrx_word' id='word_1_239' title='bbox 1640 2035 1692 2076; x_wconf 91' lang='lat' dir='ltr'>de</span> <span class='ocrx_word' id='word_1_240' title='bbox 1721 2051 1856 2085; x_wconf 86' lang='lat' dir='ltr'>cruce,</span> 
     </span>
     <span class='ocr_line' id='line_1_30' title="bbox 317 2104 1851 2159; baseline -0.001 -13"><span class='ocrx_word' id='word_1_241' title='bbox 317 2112 361 2146; x_wconf 87' lang='lat' dir='ltr'>et</span> <span class='ocrx_word' id='word_1_242' title='bbox 399 2106 467 2146; x_wconf 87' lang='lat' dir='ltr'>die</span> <span class='ocrx_word' id='word_1_243' title='bbox 504 2106 674 2146; x_wconf 86' lang='lat' dir='ltr'>sabbati</span> <span class='ocrx_word' id='word_1_244' title='bbox 715 2106 768 2146; x_wconf 88' lang='lat' dir='ltr'>de</span> <span class='ocrx_word' id='word_1_245' title='bbox 809 2105 1058 2147; x_wconf 87' lang='lat' dir='ltr'>beatissima</span> <span class='ocrx_word' id='word_1_246' title='bbox 1099 2105 1259 2145; x_wconf 84' lang='lat' dir='ltr'>Maria:</span> <span class='ocrx_word' id='word_1_247' title='bbox 1313 2112 1368 2154; x_wconf 86' lang='lat' dir='ltr'>et,</span> <span class='ocrx_word' id='word_1_248' title='bbox 1405 2105 1441 2145; x_wconf 89' lang='lat' dir='ltr'>si</span> <span class='ocrx_word' id='word_1_249' title='bbox 1482 2104 1655 2159; x_wconf 87' lang='lat' dir='ltr'>aliquod</span> <span class='ocrx_word' id='word_1_250' title='bbox 1698 2106 1851 2145; x_wconf 90' lang='lat' dir='ltr'>festum</span> 
     </span>
     <span class='ocr_line' id='line_1_31' title="bbox 317 2174 1855 2229; baseline 0.001 -15"><span class='ocrx_word' id='word_1_251' title='bbox 317 2174 610 2223; x_wconf 85' lang='lat' dir='ltr'>intervenerit,</span> <span class='ocrx_word' id='word_1_252' title='bbox 636 2175 712 2215; x_wconf 85' lang='lat' dir='ltr'>fiat</span> <span class='ocrx_word' id='word_1_253' title='bbox 744 2175 972 2216; x_wconf 88' lang='lat' dir='ltr'>servicium</span> <span class='ocrx_word' id='word_1_254' title='bbox 1002 2174 1055 2216; x_wconf 92' lang='lat' dir='ltr'>de</span> <span class='ocrx_word' id='word_1_255' title='bbox 1082 2176 1189 2215; x_wconf 89' lang='lat' dir='ltr'>festo</span> <span class='ocrx_word' id='word_1_256' title='bbox 1219 2189 1294 2229; x_wconf 86' lang='lat' dir='ltr'>pro</span> <span class='ocrx_word' id='word_1_257' title='bbox 1323 2174 1550 2215; x_wconf 86' lang='lat' dir='ltr'>animabus</span> <span class='ocrx_word' id='word_1_258' title='bbox 1579 2174 1782 2228; x_wconf 86' lang='lat' dir='ltr'>predictis</span> <span class='ocrx_word' id='word_1_259' title='bbox 1811 2180 1855 2215; x_wconf 87' lang='lat' dir='ltr'>et</span> 
     </span>
     <span class='ocr_line' id='line_1_32' title="bbox 318 2243 1855 2298; baseline 0.001 -14"><span class='ocrx_word' id='word_1_260' title='bbox 318 2243 511 2298; x_wconf 86' lang='lat' dir='ltr'>qualibet</span> <span class='ocrx_word' id='word_1_261' title='bbox 532 2243 613 2292; x_wconf 90' lang='lat' dir='ltr'>die,</span> <span class='ocrx_word' id='word_1_262' title='bbox 635 2244 834 2284; x_wconf 88' lang='lat' dir='ltr'>omnibus</span> <span class='ocrx_word' id='word_1_263' title='bbox 864 2244 976 2285; x_wconf 87' lang='lat' dir='ltr'>horis</span> <span class='ocrx_word' id='word_1_264' title='bbox 1003 2252 1046 2285; x_wconf 84' lang='lat' dir='ltr'>et</span> <span class='ocrx_word' id='word_1_265' title='bbox 1073 2244 1221 2292; x_wconf 86' lang='lat' dir='ltr'>modis,</span> <span class='ocrx_word' id='word_1_266' title='bbox 1244 2243 1400 2298; x_wconf 90' lang='lat' dir='ltr'>quibus</span> <span class='ocrx_word' id='word_1_267' title='bbox 1422 2243 1612 2297; x_wconf 86' lang='lat' dir='ltr'>prefatus</span> <span class='ocrx_word' id='word_1_268' title='bbox 1641 2243 1855 2285; x_wconf 84' lang='lat' dir='ltr'>Iohannes</span> 
     </span>
     <span class='ocr_line' id='line_1_33' title="bbox 318 2312 1854 2368; baseline 0.001 -16"><span class='ocrx_word' id='word_1_269' title='bbox 318 2320 362 2353; x_wconf 91' lang='lat' dir='ltr'>et</span> <span class='ocrx_word' id='word_1_270' title='bbox 392 2327 654 2353; x_wconf 86' lang='lat' dir='ltr'>successores</span> <span class='ocrx_word' id='word_1_271' title='bbox 683 2313 748 2353; x_wconf 89' lang='lat' dir='ltr'>sui</span> <span class='ocrx_word' id='word_1_272' title='bbox 781 2313 1022 2354; x_wconf 86' lang='lat' dir='ltr'>voluerint:</span> <span class='ocrx_word' id='word_1_273' title='bbox 1056 2320 1100 2354; x_wconf 92' lang='lat' dir='ltr'>et</span> <span class='ocrx_word' id='word_1_274' title='bbox 1131 2313 1346 2368; x_wconf 86' lang='lat' dir='ltr'>predictus</span> <span class='ocrx_word' id='word_1_275' title='bbox 1369 2312 1604 2353; x_wconf 90' lang='lat' dir='ltr'>Nicholaus</span> <span class='ocrx_word' id='word_1_276' title='bbox 1627 2319 1671 2354; x_wconf 88' lang='lat' dir='ltr'>et</span> <span class='ocrx_word' id='word_1_277' title='bbox 1692 2328 1854 2354; x_wconf 88' lang='lat' dir='ltr'>succes-</span> 
     </span>
     <span class='ocr_line' id='line_1_34' title="bbox 317 2381 1855 2436; baseline 0.001 -14"><span class='ocrx_word' id='word_1_278' title='bbox 317 2396 430 2422; x_wconf 88' lang='lat' dir='ltr'>sores</span> <span class='ocrx_word' id='word_1_279' title='bbox 458 2381 522 2421; x_wconf 87' lang='lat' dir='ltr'>sui</span> <span class='ocrx_word' id='word_1_280' title='bbox 553 2381 777 2423; x_wconf 87' lang='lat' dir='ltr'>invenient</span> <span class='ocrx_word' id='word_1_281' title='bbox 806 2382 887 2423; x_wconf 89' lang='lat' dir='ltr'>sibi</span> <span class='ocrx_word' id='word_1_282' title='bbox 909 2382 1193 2423; x_wconf 81' lang='lat' dir='ltr'>sufficientem</span> <span class='ocrx_word' id='word_1_283' title='bbox 1219 2382 1433 2430; x_wconf 85' lang='lat' dir='ltr'>clericum,</span> <span class='ocrx_word' id='word_1_284' title='bbox 1455 2384 1528 2436; x_wconf 90' lang='lat' dir='ltr'>qui</span> <span class='ocrx_word' id='word_1_285' title='bbox 1555 2382 1615 2422; x_wconf 88' lang='lat' dir='ltr'>eis</span> <span class='ocrx_word' id='word_1_286' title='bbox 1644 2383 1855 2424; x_wconf 90' lang='lat' dir='ltr'>deserviat</span> 
     </span>
     <span class='ocr_line' id='line_1_35' title="bbox 317 2452 1855 2508; baseline 0 -16"><span class='ocrx_word' id='word_1_287' title='bbox 317 2452 361 2492; x_wconf 89' lang='lat' dir='ltr'>in</span> <span class='ocrx_word' id='word_1_288' title='bbox 385 2452 500 2492; x_wconf 81' lang='lat' dir='ltr'>dicta</span> <span class='ocrx_word' id='word_1_289' title='bbox 520 2452 694 2506; x_wconf 83' lang='lat' dir='ltr'>capella,</span> <span class='ocrx_word' id='word_1_290' title='bbox 717 2458 760 2493; x_wconf 88' lang='lat' dir='ltr'>et</span> <span class='ocrx_word' id='word_1_291' title='bbox 786 2453 1009 2494; x_wconf 87' lang='lat' dir='ltr'>invenient</span> <span class='ocrx_word' id='word_1_292' title='bbox 1031 2452 1136 2493; x_wconf 91' lang='lat' dir='ltr'>duos</span> <span class='ocrx_word' id='word_1_293' title='bbox 1158 2467 1299 2493; x_wconf 88' lang='lat' dir='ltr'>cereos</span> <span class='ocrx_word' id='word_1_294' title='bbox 1321 2452 1364 2493; x_wconf 86' lang='lat' dir='ltr'>in</span> <span class='ocrx_word' id='word_1_295' title='bbox 1388 2452 1538 2493; x_wconf 87' lang='lat' dir='ltr'>eadem</span> <span class='ocrx_word' id='word_1_296' title='bbox 1560 2452 1758 2493; x_wconf 84' lang='lat' dir='ltr'>ardentes</span> <span class='ocrx_word' id='word_1_297' title='bbox 1781 2467 1855 2508; x_wconf 87' lang='lat' dir='ltr'>per</span> 
     </span>
     <span class='ocr_line' id='line_1_36' title="bbox 318 2519 1855 2575; baseline 0.001 -15"><span class='ocrx_word' id='word_1_298' title='bbox 318 2520 408 2561; x_wconf 88' lang='lat' dir='ltr'>dies</span> <span class='ocrx_word' id='word_1_299' title='bbox 446 2519 633 2568; x_wconf 75' lang='lat' dir='ltr'>festivos,</span> <span class='ocrx_word' id='word_1_300' title='bbox 665 2527 708 2561; x_wconf 91' lang='lat' dir='ltr'>et</span> <span class='ocrx_word' id='word_1_301' title='bbox 741 2521 792 2562; x_wconf 81' lang='lat' dir='ltr'>ad</span> <span class='ocrx_word' id='word_1_302' title='bbox 831 2521 1005 2562; x_wconf 85' lang='lat' dir='ltr'>missam</span> <span class='ocrx_word' id='word_1_303' title='bbox 1037 2521 1163 2562; x_wconf 84' lang='lat' dir='ltr'>beate</span> <span class='ocrx_word' id='word_1_304' title='bbox 1199 2521 1346 2570; x_wconf 88' lang='lat' dir='ltr'>Marie,</span> <span class='ocrx_word' id='word_1_305' title='bbox 1378 2528 1421 2562; x_wconf 88' lang='lat' dir='ltr'>et</span> <span class='ocrx_word' id='word_1_306' title='bbox 1455 2536 1529 2575; x_wconf 89' lang='lat' dir='ltr'>per</span> <span class='ocrx_word' id='word_1_307' title='bbox 1560 2521 1651 2562; x_wconf 90' lang='lat' dir='ltr'>dies</span> <span class='ocrx_word' id='word_1_308' title='bbox 1684 2522 1855 2562; x_wconf 87' lang='lat' dir='ltr'>feriatos</span> 
     </span>
     <span class='ocr_line' id='line_1_37' title="bbox 317 2588 1854 2645; baseline -0.001 -15"><span class='ocrx_word' id='word_1_309' title='bbox 317 2589 422 2630; x_wconf 88' lang='lat' dir='ltr'>duas</span> <span class='ocrx_word' id='word_1_310' title='bbox 447 2588 635 2630; x_wconf 85' lang='lat' dir='ltr'>minutas</span> <span class='ocrx_word' id='word_1_311' title='bbox 657 2590 856 2631; x_wconf 82' lang='lat' dir='ltr'>candelas</span> <span class='ocrx_word' id='word_1_312' title='bbox 878 2597 922 2631; x_wconf 89' lang='lat' dir='ltr'>et</span> <span class='ocrx_word' id='word_1_313' title='bbox 944 2605 1075 2631; x_wconf 87' lang='lat' dir='ltr'>unam</span> <span class='ocrx_word' id='word_1_314' title='bbox 1095 2590 1338 2645; x_wconf 88' lang='lat' dir='ltr'>lampadem</span> <span class='ocrx_word' id='word_1_315' title='bbox 1356 2605 1496 2631; x_wconf 89' lang='lat' dir='ltr'>coram</span> <span class='ocrx_word' id='word_1_316' title='bbox 1515 2604 1637 2631; x_wconf 86' lang='lat' dir='ltr'>cruce</span> <span class='ocrx_word' id='word_1_317' title='bbox 1655 2589 1854 2631; x_wconf 85' lang='lat' dir='ltr'>ardentes</span> 
     </span>
     <span class='ocr_line' id='line_1_38' title="bbox 317 2659 1852 2709; baseline -0.001 -8"><span class='ocrx_word' id='word_1_318' title='bbox 317 2659 484 2709; x_wconf 87' lang='lat' dir='ltr'>cotidie,</span> <span class='ocrx_word' id='word_1_319' title='bbox 515 2659 618 2700; x_wconf 86' lang='lat' dir='ltr'>dum</span> <span class='ocrx_word' id='word_1_320' title='bbox 654 2659 800 2700; x_wconf 83' lang='lat' dir='ltr'>divina</span> <span class='ocrx_word' id='word_1_321' title='bbox 831 2660 1113 2702; x_wconf 86' lang='lat' dir='ltr'>celebrantur.</span> <span class='ocrx_word' id='word_1_322' title='bbox 1176 2661 1233 2701; x_wconf 87' lang='lat' dir='ltr'>Et</span> <span class='ocrx_word' id='word_1_323' title='bbox 1270 2660 1516 2701; x_wconf 88' lang='lat' dir='ltr'>custodient</span> <span class='ocrx_word' id='word_1_324' title='bbox 1553 2660 1694 2707; x_wconf 88' lang='lat' dir='ltr'>libros,</span> <span class='ocrx_word' id='word_1_325' title='bbox 1726 2660 1852 2700; x_wconf 89' lang='lat' dir='ltr'>vesti-</span> 
     </span>
     <span class='ocr_line' id='line_1_39' title="bbox 319 2727 1851 2783; baseline -0.001 -15"><span class='ocrx_word' id='word_1_326' title='bbox 319 2735 476 2778; x_wconf 83' lang='lat' dir='ltr'>menta,</span> <span class='ocrx_word' id='word_1_327' title='bbox 499 2734 542 2769; x_wconf 87' lang='lat' dir='ltr'>et</span> <span class='ocrx_word' id='word_1_328' title='bbox 571 2727 715 2768; x_wconf 87' lang='lat' dir='ltr'>omnia</span> <span class='ocrx_word' id='word_1_329' title='bbox 743 2735 997 2770; x_wconf 87' lang='lat' dir='ltr'>ornamenta</span> <span class='ocrx_word' id='word_1_330' title='bbox 1023 2728 1136 2769; x_wconf 87' lang='lat' dir='ltr'>dicte</span> <span class='ocrx_word' id='word_1_331' title='bbox 1166 2728 1340 2783; x_wconf 87' lang='lat' dir='ltr'>capelle,</span> <span class='ocrx_word' id='word_1_332' title='bbox 1362 2743 1445 2782; x_wconf 90' lang='lat' dir='ltr'>que</span> <span class='ocrx_word' id='word_1_333' title='bbox 1476 2728 1651 2782; x_wconf 88' lang='lat' dir='ltr'>quidem</span> <span class='ocrx_word' id='word_1_334' title='bbox 1679 2727 1851 2768; x_wconf 88' lang='lat' dir='ltr'>divisim</span> 
     </span>
     <span class='ocr_line' id='line_1_40' title="bbox 321 2797 1853 2853; baseline -0.002 -14"><span class='ocrx_word' id='word_1_335' title='bbox 321 2804 559 2853; x_wconf 85' lang='lat' dir='ltr'>tanguntur</span> <span class='ocrx_word' id='word_1_336' title='bbox 594 2797 640 2838; x_wconf 91' lang='lat' dir='ltr'>in</span> <span class='ocrx_word' id='word_1_337' title='bbox 677 2797 783 2838; x_wconf 89' lang='lat' dir='ltr'>libro</span> <span class='ocrx_word' id='word_1_338' title='bbox 821 2798 1160 2852; x_wconf 87' lang='lat' dir='ltr'>Archid[iaconi]</span> <span class='ocrx_word' id='word_1_339' title='bbox 1199 2797 1392 2838; x_wconf 86' lang='lat' dir='ltr'>Eliensis.</span> <span class='ocrx_word' id='word_1_340' title='bbox 1457 2797 1523 2846; x_wconf 91' lang='lat' dir='ltr'>Et,</span> <span class='ocrx_word' id='word_1_341' title='bbox 1558 2797 1591 2837; x_wconf 91' lang='lat' dir='ltr'>si</span> <span class='ocrx_word' id='word_1_342' title='bbox 1629 2797 1853 2852; x_wconf 85' lang='lat' dir='ltr'>contingat</span> 
     </span>
     <span class='ocr_line' id='line_1_41' title="bbox 320 2864 1852 2920; baseline -0.001 -15"><span class='ocrx_word' id='word_1_343' title='bbox 320 2865 432 2920; x_wconf 89' lang='lat' dir='ltr'>quod</span> <span class='ocrx_word' id='word_1_344' title='bbox 464 2865 637 2920; x_wconf 86' lang='lat' dir='ltr'>aliquod</span> <span class='ocrx_word' id='word_1_345' title='bbox 668 2865 957 2920; x_wconf 86' lang='lat' dir='ltr'>predictorum</span> <span class='ocrx_word' id='word_1_346' title='bbox 990 2873 1338 2906; x_wconf 84' lang='lat' dir='ltr'>ornamentorum</span> <span class='ocrx_word' id='word_1_347' title='bbox 1372 2864 1501 2906; x_wconf 87' lang='lat' dir='ltr'>fuerit</span> <span class='ocrx_word' id='word_1_348' title='bbox 1537 2864 1753 2913; x_wconf 86' lang='lat' dir='ltr'>amissum,</span> <span class='ocrx_word' id='word_1_349' title='bbox 1788 2864 1852 2905; x_wconf 89' lang='lat' dir='ltr'>vel</span> 
     </span>
    </p>
   </div>
  </div>
 </body>
</html>
