1961 3202
564 192 891 224 -JUlzlleCTION
926 194 983 222 or
1018 191 1331 223 ARCEDEACON
1668 182 1717 221 21

175 297 474 352 glomercllum
498 285 620 338 reum
644 305 688 339 et
710 298 943 353 contigerit
975 296 1184 352 appellari
1211 296 1265 337 ab
1288 295 1625 344 interlocutoria,
1657 293 1722 335 vel

175 383 200 407 a
225 368 455 409 diffinitiva
476 369 707 416 sentencia,
737 368 932 409 volumus
961 376 1003 408 et
1033 367 1293 415 ordinamus,
1316 365 1429 420 quod
1457 365 1510 405 ad
1541 364 1721 407 Cancel-

177 437 331 479 larium
370 438 626 493 appelletur,
668 440 743 494 qui
786 438 829 478 in
864 438 957 493 ipsa
999 452 1126 478 causa
1167 436 1474 491 appellacionis
1515 434 1722 489 procedat

176 508 411 549 secundum
446 509 639 550 ordinem
673 509 960 557 observatum,
983 524 1080 549 cuni
1111 509 1165 548 ab
1194 508 1277 548 alio
1311 507 1516 563 magistro
1546 510 1723 561 regente

175 584 220 618 et
261 578 313 618 de
361 578 477 619 dicta
517 594 646 620 causa
686 579 754 620 sui
796 579 1006 633 scolar[is]
1048 584 1361 632 congnoscente
1404 577 1459 618 ab
1510 577 1724 618 alterutra

176 648 370 702 parcium
394 648 448 690 ad
472 648 789 690 Cancellarium
814 648 1069 704 appellatur.
1129 648 1194 688 De
1217 649 1355 689 causis
1380 664 1477 689 vero
1499 647 1724 700 glomerel-

178 717 313 758 lorum
342 718 458 759 inter
485 733 541 768 se,
572 725 617 760 et
648 719 853 760 laicorum
883 724 928 759 et
959 718 1318 772 glomerellorum,
1349 717 1645 760 Cancellarius
1678 717 1722 758 in

177 787 295 828 nullo
343 803 386 829 se
429 788 707 838 intromittat,
753 789 834 829 nisi
885 803 1013 828 cansa
1059 788 1117 828 sit
1154 788 1206 828 de
1254 788 1458 843 pensione
1500 788 1725 829 domorum

178 863 436 906 taxatarum,
455 858 521 898 vel
544 858 597 899 de
620 858 877 899 enormitate
900 857 1060 905 delicti,
1080 863 1127 898 ut
1150 858 1348 912 superius
1371 864 1437 898 est
1460 872 1724 912 expressum.

179 926 245 976 Et,
288 928 390 982 quia
421 929 462 968 in
491 934 658 969 statuto
692 927 988 968 universitatis
1031 927 1218 967 vidimus
1247 927 1469 977 contineri,
1491 927 1605 982 quod
1639 927 1725 968 duo

178 997 334 1039 bedelli
389 999 685 1040 universitatis
734 998 937 1039 intersint
996 998 1160 1053 virgam
1221 997 1462 1039 deferentes
1519 998 1721 1039 omnibus

179 1068 377 1123 vesperis,
429 1069 663 1124 principiis,
713 1068 1010 1117 conventibus,
1062 1067 1365 1109 defunctorum
1419 1068 1625 1123 exequiiS,
1678 1075 1722 1109 et

178 1137 378 1179 omnibus
429 1138 523 1178 aliis
574 1137 955 1178 convocacionibus
1008 1137 1125 1178 nullo
1176 1137 1260 1178 alio
1320 1138 1362 1177 in
1412 1137 1727 1192 p[re]iud[ici]o

179 1222 327 1248 corum
354 1209 516 1263 virgam
541 1208 790 1262 delatur[o]‚
809 1208 1082 1263 precipimus,
1098 1207 1211 1262 quod
1236 1208 1429 1249 bedellus
1451 1208 1658 1263 glomerie
1683 1209 1726 1248 in

178 1278 382 1332 predictis
403 1278 783 1320 convocacionibus
805 1284 849 1319 et
873 1278 974 1319 locis
996 1293 1138 1318 coram
1161 1277 1426 1320 Cancellario
1449 1286 1493 1319 et
1513 1278 1728 1333 magistris

178 1348 342 1404 virgam
377 1364 460 1389 non
492 1348 668 1389 deferat.
738 1348 788 1388 In
827 1347 923 1388 aliis
959 1354 1107 1389 autem
1142 1347 1254 1395 locis,
1288 1347 1649 1402 quandocumque
1682 1353 1726 1389 et

179 1418 440 1473 ubicumque
483 1418 680 1467 voluerit,
718 1425 762 1458 et
806 1418 992 1459 maxime
1034 1432 1111 1472 pro
1159 1417 1438 1473 expedicione
1481 1417 1547 1458 sui
1589 1417 1727 1466 officii,

181 1489 343 1544 virgam
372 1489 504 1530 libere
543 1488 709 1530 deferat
739 1489 918 1530 licenter
952 1494 996 1529 et
1025 1489 1183 1543 quiete.
1248 1489 1316 1537 Et,
1346 1488 1447 1543 quia
1475 1488 1519 1528 in
1550 1488 1726 1529 statutis

179 1559 478 1600 universitatis
526 1559 719 1600 eiusdem
753 1558 757 1612 Ι
793 1559 909 1600 inter
949 1559 1034 1599 alia
1080 1559 1343 1607 continetur,
1393 1559 1507 1614 qumi
1561 1558 1725 1599 familia

179 1629 419 1678 scolarium,
452 1629 681 1684 scriptores
713 1636 757 1671 et
783 1630 858 1670 alii
883 1629 1022 1670 officia
1050 1629 1104 1670 ad
1136 1645 1261 1671 usum
1294 1629 1521 1671 scolarium
1552 1634 1724 1670 tantum

178 1700 389 1754 deputata
410 1707 694 1749 exceoeentes,
717 1700 867 1742 eadem
893 1701 1156 1742 inmunitate
1189 1707 1233 1742 et
1265 1701 1468 1742 libertate
1491 1699 1723 1755 gaudeant,

179 1786 266 1825 qua
287 1777 331 1811 et
362 1771 554 1820 scolares,
577 1777 625 1811 ut
654 1786 795 1811 coram
826 1771 1139 1813 Archidiztcono
1165 1787 1247 1813 non
1278 1771 1575 1826 respondeant,
1598 1770 1726 1811 sicuti

181 1855 258 1881 nec
280 1841 472 1890 scolares,
493 1840 569 1894 qui
591 1847 695 1881 sunt
717 1856 863 1881 eorum
887 1841 1074 1882 domini:
1099 1841 1176 1882 hoc
1200 1842 1261 1882 ita
1284 1846 1432 1881 tenore
1456 1840 1726 1895 presencium

179 1910 456 1959 declaramus,
470 1910 583 1965 quod
603 1910 645 1950 in
662 1911 740 1951 hoc
758 1926 856 1952 casu
876 1911 1047 1952 nomine
1065 1911 1225 1951 fennilie
1244 1910 1510 1951 solummodo
1531 1910 1727 1951 volumus

179 1980 389 2021 contineri
409 1980 622 2035 mancipia
644 1980 869 2021 scolarium
892 1981 935 2020 in
959 1981 1157 2021 domibus
1187 1996 1284 2021 cum
1315 1981 1375 2021 eis
1398 1980 1723 2028 commorancia,

179 2050 283 2091 dum
342 2050 621 2104 personaliter
681 2051 931 2092 deserviunt
994 2052 1225 2092 scolaribus
1276 2051 1520 2093 antedictis.
1611 2051 1724 2092 Item

180 2121 353 2161 nomine
376 2121 630 2176 scriptorum
656 2128 699 2162 et
721 2121 902 2162 aliorum
926 2122 1063 2163 officia
1084 2123 1137 2162 ad
1163 2137 1285 2162 usum
1308 2123 1534 2163 scolarium
1555 2128 1724 2163 tantuin

179 2192 392 2246 deputata
414 2192 734 2233 excereencium
761 2193 956 2233 volumus
978 2192 1164 2247 intelligi
1186 2192 1239 2234 de
1261 2193 1551 2248 scriptoribus,
1566 2193 1725 2234 illumi-

180 2262 416 2312 natoribus,
449 2268 492 2303 et
525 2262 828 2311 stacionariisst,
854 2264 927 2318 qui
962 2270 1134 2304 tantuin
1165 2263 1415 2304 deserviunt
1449 2263 1714 2305 scholaribus

181 2332 295 2387 quod
318 2332 397 2373 sub
424 2332 691 2374 Cancellario
722 2333 1033 2387 respondeant,
1066 2348 1220 2374 uxores
1242 2340 1388 2374 tamen
1420 2348 1568 2374 eorum
1597 2349 1727 2389 super

181 2402 360 2443 crimine
413 2401 617 2443 adulterii
660 2403 726 2443 vel
768 2403 863 2452 alio,
905 2404 1027 2443 cuius
1069 2404 1292 2459 congnicio
1335 2410 1379 2445 et
1421 2405 1629 2445 correccio
1670 2404 1724 2445 ad

183 2472 545 2513 Archidiaconum
590 2480 771 2528 spectat,
812 2473 855 2514 in
902 2488 1000 2514 casu
1045 2474 1257 2514 consimili
1299 2474 1343 2514 in
1393 2475 1583 2529 personis
1632 2474 1726 2515 aliis

182 2542 263 2583 sibi
286 2542 558 2583 subditorum
582 2542 816 2593 diffamato,
838 2550 882 2584 et
906 2544 1071 2598 reliqua
1099 2559 1246 2585 eorum
1269 2544 1432 2585 familia
1461 2544 1516 2585 ad
1538 2545 1725 2585 officium

183 2612 449 2666 scolar[ium]
472 2612 716 2666 specialiter
737 2628 822 2653 non
845 2612 1066 2668 deputata,
1091 2613 1404 2655 Archidiacono
1433 2614 1521 2655 sint
1543 2614 1726 2655 subiecti

182 2683 226 2724 in
279 2682 479 2723 omnibus
531 2688 575 2723 et
627 2682 821 2739 singulis,
872 2683 984 2725 sicut
1045 2684 1177 2725 ceteri
1229 2685 1301 2725 alii
1354 2685 1449 2726 laici
1501 2685 1727 2741 municipii

183 2752 501 2807 Cant[ebrigie]
529 2759 573 2794 et
600 2753 738 2794 tocius
765 2761 908 2795 nostre
937 2754 1128 2809 dyocesis
1157 2754 1363 2810 Elyensis.
1427 2755 1552 2807 Quod
1580 2763 1726 2796 autem

182 2822 297 2877 apud
326 2822 561 2864 Bernewell
591 2822 864 2878 presentibus
893 2823 1204 2865 Archidiacono
1232 2825 1435 2880 predicto,
1464 2825 1728 2866 Uuncellario

184 2899 228 2934 et
269 2893 375 2943 aliis,
410 2909 591 2949 quorum
629 2894 848 2944 intererat,
880 2895 994 2936 inter
1031 2910 1100 2936 eos
1136 2895 1364 2937 verbaliter
1402 2902 1572 2936 tantum
1617 2894 1727 2935 ordi-
