1961 3202
32 2502 70 2542 p.
95 2490 177 2530 204

280 150 360 188 192
759 161 955 190 LAUDUM
990 161 1334 191 ARCHIEPISCOPI

277 264 617 318 compositorem,
645 264 1041 313 determinatorem,
1068 265 1348 314 laudatorem,
1378 271 1422 306 et
1455 266 1812 318 diffinitorem‚in

276 332 494 385 premissis
508 338 551 373 et
566 348 615 373 ea
633 333 914 387 tangentibus
932 334 1276 388 quibuscunque,
1292 349 1390 375 cum
1408 334 1496 375 suis
1513 335 1815 383 incidentibus,

277 400 611 455 emergentibus,
649 401 1012 456 dependentibus
1045 408 1088 443 et
1127 403 1479 451 connexionibus,
1511 404 1734 456 elegerunt
1771 409 1814 444 et

275 480 612 525 assumpserunt,
644 472 790 526 sicque
828 479 1010 528 utraque
1049 473 1240 526 parcium
1275 473 1564 527 predictarum
1598 473 1742 528 elegit,
1771 478 1814 513 et

275 539 518 593 assumpsit,
542 545 646 580 tunc
677 540 836 581 ibidem
868 540 1158 594 promiserunt
1190 541 1366 596 insuper
1392 539 1536 596 partes
1558 543 1814 597 supradicte,

274 624 349 663 pro
381 624 424 649 se
457 616 500 649 et
532 610 846 651 successoribus
884 611 983 657 suis,
1016 618 1060 651 et
1092 611 1280 665 ipsarum
1318 617 1499 666 utraque
1532 612 1738 666 promisit,
1770 627 1813 652 se

275 687 429 728 ratum,
464 685 651 734 gratum,
689 687 732 719 et
772 679 956 728 firmum,
987 680 1211 735 perpetuis
1248 681 1515 735 temporibus
1552 681 1811 734 habitur[as]

275 748 478 802 quicquid
496 749 687 802 prefatus
705 748 1087 789 reverendissimus
1106 756 1238 804 pater,
1254 750 1452 790 dominus
1468 750 1812 805 archiepiscopus

275 817 560 871 Cant[uarie],
595 818 637 858 in
681 818 900 873 premissis
943 825 987 859 et
1024 819 1134 859 circa
1176 819 1226 859 ea
1268 819 1477 868 laudaret,
1519 820 1812 867 arbitraretur,

273 886 496 935 iudicaret,
513 887 834 936 determinaret,
852 902 924 927 seu
946 888 1331 942 quomodocunque
1350 888 1579 929 diffiniret:
1611 889 1811 944 quodque

273 972 391 996 suam
423 957 701 1005 sentenciam,
725 957 914 1006 laudum,
936 957 1178 1005 arbitrium,
1200 958 1289 997 sive
1312 957 1631 1007 diffinicionem,
1655 959 1812 999 futuris

271 1040 440 1080 semper
462 1026 727 1080 temporibus
750 1025 1061 1066 inviolabiliter
1083 1026 1359 1066 observarent
1382 1026 1631 1080 eisdemque
1656 1027 1699 1067 in
1722 1027 1809 1067 alto

273 1100 316 1134 et
333 1094 454 1135 basso
477 1095 769 1135 consentirent
791 1109 838 1134 ac
858 1094 1106 1135 melioribus
1127 1095 1203 1135 viis
1221 1101 1265 1135 et
1286 1095 1432 1143 modis,
1451 1095 1607 1150 quibus
1623 1102 1808 1151 possent,

272 1179 348 1218 pro
389 1179 432 1204 se
470 1170 513 1204 et
554 1164 867 1204 successoribus
909 1165 997 1205 suis
1035 1165 1129 1218 ipsa
1166 1165 1469 1220 emologareut,
1503 1180 1550 1205 ac
1588 1181 1807 1219 nunquam

270 1233 455 1273 scienter
502 1234 866 1283 contravenirent,
912 1248 984 1274 seu
1039 1233 1356 1274 contraveniret
1407 1233 1517 1273 alter
1565 1234 1808 1275 (un-undem.

273 1302 515 1343 Voluerunt
538 1310 734 1357 preterea
757 1308 901 1357 partes
923 1302 1115 1357 predicte
1138 1303 1191 1343 de
1213 1317 1358 1342 eorum
1384 1309 1535 1343 mutuo
1552 1309 1595 1343 et
1612 1318 1808 1357 expresso

271 1386 490 1420 consensu,
509 1371 621 1426 quod
646 1372 837 1425 prefatus
860 1371 1241 1412 reverendissimus
1264 1378 1386 1426 pater
1403 1372 1446 1412 in
1465 1373 1641 1427 negocio
1663 1387 1807 1427 supra-

270 1439 397 1489 dicto,
431 1440 662 1481 summarie
701 1446 745 1481 et
782 1440 834 1481 de
873 1441 1012 1495 plano,
1044 1441 1135 1481 sine
1173 1441 1356 1495 strepitu
1396 1448 1440 1481 et
1477 1441 1613 1495 figura
1648 1441 1810 1491 iudicii,

271 1510 466 1550 terminis
488 1511 668 1550 servatis
693 1511 757 1551 vel
781 1525 865 1550 non
892 1511 1085 1561 servatis,
1106 1510 1259 1551 diebus
1281 1511 1416 1550 eciam
1441 1511 1602 1551 feriatis
1624 1526 1698 1551 seu
1723 1526 1807 1551 non

270 1580 445 1628 feriatis,
459 1580 655 1634 partibus
670 1581 946 1635 presentibus
965 1581 1030 1621 vel
1049 1581 1315 1629 absentibus,
1333 1581 1438 1621 iuris
1456 1581 1603 1621 ordine
1622 1581 1807 1631 omnino,

268 1649 303 1689 si
327 1649 523 1699 voluerit,
546 1665 629 1690 non
659 1656 839 1699 servati),
863 1651 1089 1704 procedere
1120 1651 1264 1705 possit,
1287 1656 1331 1691 et
1355 1666 1474 1691 suain
1498 1651 1804 1691 conscienciam

267 1719 403 1772 captis
425 1719 802 1760 informacionibus
825 1736 849 1759 a
871 1720 1069 1774 partibus
1091 1720 1350 1774 supradictis
1368 1720 1449 1760 sibi
1470 1720 1804 1774 ministrand[is]

267 1787 508 1837 informare,
542 1789 771 1843 ipsumque
804 1789 1030 1842 negocium
1064 1796 1192 1844 prout
1223 1789 1304 1838 sibi
1342 1789 1576 1838 videbitur,
1608 1789 1803 1840 diffinire,

266 1857 519 1898 dumtanien
543 1858 733 1907 laudum,
751 1858 1029 1907 sentenciam,
1046 1858 1471 1909 determinacionem,
1488 1859 1803 1909 diffinicionem,

266 1927 354 1967 sive
376 1927 616 1977 arbitrium,
640 1927 886 1968 huiusmodi
909 1928 1017 1968 citra
1040 1928 1197 1968 festum
1216 1928 1380 1968 Pasche
1403 1934 1500 1983 post
1517 1928 1631 1968 diem
1657 1928 1801 1969 buius—

268 1996 378 2037 modi
417 1997 715 2038 submissionis
751 1998 840 2038 sive
873 1997 1166 2052 compromissi
1198 1997 1433 2051 prox[in1e]
1470 2012 1651 2052 sequens
1688 1998 1800 2039 idem

266 2065 645 2106 reverendissimus
676 2076 799 2120 pater
826 2065 1098 2120 Cant[uarie]
1129 2065 1473 2120 archiepiscopus
1495 2067 1681 2120 proferat
1704 2082 1799 2107 cum

266 2134 447 2184 effectu,
489 2134 677 2188 alioquin
711 2135 746 2174 si
779 2134 1025 2175 huiusmodi
1059 2134 1248 2182 laudum,
1278 2134 1366 2175 sive
1398 2135 1661 2175 sentenciam
1695 2136 1801 2176 citra

266 2204 423 2244 festum
456 2204 615 2244 Pasche
647 2203 892 2244 huiusmodi
922 2203 1095 2258 proferri
1121 2218 1204 2243 non
1231 2203 1468 2258 contingat,
1493 2209 1651 2244 extu‘nc
1675 2204 1800 2245 liceat

264 2273 461 2327 partibus
483 2272 711 2327 sepedictis
733 2279 777 2313 et
800 2273 987 2326 ipsarum
1013 2272 1185 2326 utrique
1209 2286 1284 2326 per
1308 2272 1417 2312 viam
1444 2272 1588 2313 iudicii
1610 2273 1674 2313 vel
1697 2273 1800 2314 alias

265 2341 622 2395 qualitercunque
665 2341 843 2381 iuridice
886 2356 929 2381 se
968 2341 1127 2388 iuvare,
1160 2340 1354 2395 predicta
1391 2341 1674 2381 submissione
1711 2343 1798 2382 sive

265 2411 564 2466 compromisso
602 2411 644 2450 in
682 2412 825 2466 aliquo
864 2426 947 2451 non
985 2411 1200 2459 obstante,
1232 2425 1306 2451 seu
1344 2410 1668 2465 quomodolibet
1706 2426 1797 2465 pre-

265 2481 494 2521 iudicante.
557 2480 608 2519 In
646 2494 791 2520 casum
830 2495 1000 2534 quoque
1039 2487 1082 2520 et
1121 2485 1338 2527 eventum,
1373 2479 1486 2534 quod
1523 2494 1599 2534 per
1634 2479 1796 2520 dictum

264 2549 665 2591 reverendissimum
689 2555 867 2602 patrem,
885 2548 1107 2588 dominum
1131 2548 1498 2602 archiepiscopum
1514 2548 1797 2602 Cant[uarie],

263 2619 372 2659 citra
389 2619 544 2659 festum
564 2616 723 2657 Pasche
742 2617 1037 2671 supradictum
1058 2618 1335 2666 sentenciam,
1354 2617 1542 2665 laudum,
1557 2616 1797 2665 arbitrium,

263 2689 380 2729 dictu
388 2703 440 2736 m,
455 2686 869 2741 pronunciaciouem,
884 2686 1253 2740 composicionem,
1267 2685 1688 2734 determinacionem,
1707 2685 1795 2725 sive

263 2757 578 2803 diffinicionem,
614 2754 664 2794 inv
694 2754 898 2808 predictis
940 2755 1298 2810 qualitercunque
1340 2755 1518 2809 proferri
1560 2755 1795 2809 contingat,

261 2825 549 2883 promiserunt
589 2828 734 2880 partes
775 2823 1175 2878 compromittentes
1217 2823 1474 2879 supradicte,
1517 2828 1560 2862 et
1604 2822 1791 2878 ipsarum
