1961 3202
26 2197 63 2237 p.
87 2185 141 2224 33

703 184 906 215 STATUTA
940 183 1205 214 SYNoDALm
1678 172 1725 210 11

172 291 326 332 diebus
367 298 433 332 set
473 292 609 332 eciam
655 291 866 338 noctibus,
907 296 966 337 ut,
1004 305 1101 331 cum
1149 289 1442 344 requiruntur,
1481 292 1731 342 egrotantes

173 361 365 408 visitent,
395 376 448 402 ne
480 375 628 401 eorum
660 359 931 415 negligencia
962 359 1094 414 (quod
1130 359 1263 406 absit)
1295 359 1504 399 moriatur
1533 356 1731 396 infirmus

172 431 264 472 sine
295 430 576 478 confessione,
605 436 683 470 aut
713 429 918 469 dominici
950 429 1138 482 (orporis
1171 428 1486 474 communione,
1518 432 1596 467 aut
1630 440 1731 465 unc-

172 500 294 541 cione
324 506 530 541 extrema.
594 499 865 554 Precipimus
895 513 1079 553 quoque,
1107 498 1221 553 quod
1252 498 1294 537 in
1326 497 1522 552 qnalibet
1552 496 1729 537 ecclesia

171 585 305 612 canon
338 571 465 612 misse
496 571 551 611 sit
581 577 697 611 recte
728 576 771 610 et
803 569 885 609 rite
915 576 1142 609 correctus.
1206 567 1530 622 Superaltariaa
1559 580 1730 621 quoqne

172 640 261 681 sint
283 640 563 695 congruentis
586 638 917 695 magnitudinis,
943 638 1213 691 firmiterque
1243 638 1329 678 fixa
1359 637 1403 677 in
1433 635 1731 677 circumdante

174 709 302 766 ligxm,
333 708 337 765 Ι
365 725 418 751 110
450 716 716 764 usurpentur
744 708 798 750 ad
827 708 934 748 alios
966 722 1067 748 usus
1094 722 1223 761 quam
1255 706 1308 747 ad
1341 706 1587 746 divin‹›1·u111
1622 705 1730 745 cele-

174 779 430 829 bracionem,
465 791 514 820 ut
553 778 757 819 videlicet
801 792 884 817 non
927 776 1144 816 molantur
1181 790 1310 830 super
1347 792 1396 815 ea
1435 773 1631 823 colorosb,
1665 774 1731 814 vel

171 849 317 903 aliqua
350 851 455 890 tiant
485 849 528 888 in
560 848 621 889 eis
650 846 901 887 consimilia.
966 845 1104 886 Panni
1132 845 1266 886 eciam
1293 845 1524 892 crismales,
1550 845 1613 885 xel
1637 844 1733 884 aliis

172 918 332 959 divinis
369 918 518 959 officiis
556 916 772 972 deputati,
811 917 853 956 in
894 930 995 955 usus
1033 914 1246 955 seculares
1283 922 1381 969 post
1419 929 1545 954 usum
1584 928 1731 954 eorum

172 988 511 1030 ecclesiasticum
536 987 785 1027 nullatenus
807 991 1133 1034 convertantur,
1156 999 1234 1024 nec
1258 984 1391 1024 eciam
1419 983 1634 1032 utensilia,
1656 998 1731 1024 seu

171 1058 258 1099 alia
299 1058 351 1098 ad
395 1057 562 1099 cultum
607 1055 807 1096 divinum
851 1054 1101 1109 specialiter
1143 1053 1374 1108 assignata.
1459 1053 1509 1093 In
1555 1053 1733 1093 ecclesia

173 1142 343 1183 quoque
379 1127 577 1167 divinum
613 1125 800 1165 officium
841 1126 917 1164 liat
951 1124 1119 1178 integre
1158 1130 1202 1164 et
1237 1122 1403 1169 devote,
1443 1129 1490 1163 ut
1530 1122 1731 1162 videlieet

175 1198 382 1239 leeciones
424 1204 468 1236 et
511 1195 662 1250 ympni
707 1201 751 1235 et
795 1194 950 1249 psalmi
993 1200 1038 1234 et
1079 1193 1176 1241 alia,
1214 1208 1298 1248 que
1342 1193 1385 1233 in
1431 1193 1514 1233 Dei
1561 1192 1731 1232 landem

174 1268 424 1316 recitantur,
464 1268 677 1320 integram
718 1265 910 1305 habeant
954 1263 1182 1305 verborum
1228 1263 1514 1318 prolacionem
1561 1271 1605 1303 et
1647 1263 1732 1304 ‹lis-

174 1338 354 1378 tinetam
366 1336 402 1377 ³¹³.
456 1334 718 1376 Provideant
742 1334 877 1374 eciam
901 1339 1086 1374 rectores
1105 1333 1408 1374 ecclesiarum·
1427 1340 1469 1374 et
1492 1333 1734 1373 sacerdotes

174 1406 451 1462 parochiales,
476 1411 526 1446 ut
550 1405 671 1459 pueri
700 1403 1000 1459 parochiarum
1026 1418 1200 1444 suarum
1226 1403 1462 1459 diligenter
1484 1403 1734 1450 doceantur,

175 1485 220 1518 et
248 1478 387 1518 sciant
417 1476 657 1517 oracionem
694 1474 968 1523 dominicam,
991 1480 1036 1514 et
1066 1473 1322 1528 symbolum,
1345 1481 1389 1514 et
1419 1473 1730 1514 salutacionem

177 1548 301 1588 beate
333 1546 480 1592 Marie,
510 1552 553 1586 et
586 1545 721 1585 crucis
754 1544 974 1599 signaculo
1004 1559 1049 1584 se
1082 1550 1196 1584 recte
1229 1544 1460 1599 assignare.
1529 1544 1593 1590 Et,
1619 1544 1734 1598 quia,

176 1627 225 1658 ut
256 1617 514 1665 audivimus,
548 1616 681 1656 eciam
717 1615 890 1669 quidam
926 1614 1065 1655 adulti
1099 1614 1176 1655 hec
1215 1614 1426 1668 ignorant,
1460 1614 1733 1668 precipimus,

178 1694 238 1737 ut,
260 1702 357 1728 011111
384 1686 480 1727 laici
502 1685 557 1726 ad
584 1684 892 1725 confessionem
917 1683 1135 1731 accedant,
1159 1683 1393 1739 diligenter
1416 1684 1733 1731 examinentur,

179 1767 323 1798 utrum
361 1757 500 1798 sciant
536 1756 742 1811 predicta,
777 1764 820 1795 et
858 1754 1135 1807 secundu1n†
1167 1755 1283 1810 quod
1323 1755 1499 1809 expedit
1538 1755 1580 1794 in
1617 1755 1677 1795 eis
1709 1772 1732 1794 a

177 1827 472 1868 sacerdotibus
504 1826 786 1867 instruantur.

269 1896 519 1950 [V]olumus
551 1901 596 1935 et
627 1894 900 1949 precipimus,
935 1900 982 1934 ut
1014 1893 1174 1949 singuli
1207 1893 1451 1934 beneficiati
1486 1894 1529 1933 in
1563 1893 1733 1946 dyocesi

179 1974 325 2008 nostra
356 1970 691 2021 promoveantur
722 1964 775 2004 ad
810 1963 993 2012 ordines,
1026 1978 1133 2017 quos
1166 1978 1268 2003 cura
1299 1978 1429 2017 quam
1464 1963 1733 2017 susceperint

179 2038 326 2093 exigit,
342 2043 494 2091 utpote
513 2042 698 2076 rectores
716 2035 990 2076 ecclesiarum
1008 2033 1154 2074 saltim
1173 2034 1284 2074 infra
1300 2049 1439 2074 sacros
1458 2034 1628 2074 ordines
1646 2034 1733 2073 sint

178 2107 417 2149 constituti.
483 2106 538 2146 Et
562 2105 705 2146 vicarii
731 2104 974 2145 sacerdotes
997 2110 1040 2144 et
1065 2104 1303 2144 residentes
1326 2103 1563 2144 secundum
1589 2103 1701 2157 quod
1729 2151 1730 2155 Ἰ

179 2179 365 2218 officium
408 2175 554 2216 vicarii
591 2174 785 2229 requirit.
840 2173 1109 2227 precipimus
1147 2172 1359 2220 similiter,
1397 2173 1510 2227 quod
1550 2184 1734 2213 rectores

179 2247 452 2290 ecclesiarum
478 2246 565 2287 sint
591 2244 828 2286 residentes
852 2244 894 2284 in
920 2243 1008 2283 suis
1031 2242 1221 2283 eeclesiis
1245 2249 1289 2283 et
1311 2257 1392 2282 non
1417 2242 1620 2283 recedant
1642 2243 1733 2283 sine

180 2318 362 2359 honesta
398 2324 442 2358 et
485 2315 735 2357 racionabili
779 2329 920 2362 eausa,
959 2321 1001 2354 et
1046 2313 1124 2354 hoc
1167 2312 1301 2353 eciam
1345 2314 1421 2353 fiat
1463 2312 1515 2353 de
1558 2313 1733 2366 speciali

181 2388 359 2430 licencia
391 2394 548 2428 nostra.
611 2384 869 2425 Inhibemus
903 2383 1037 2424 eciam
1074 2383 1265 2431 tirmiter,
1294 2398 1344 2423 ne
1378 2382 1624 2422 beneficiati
1655 2390 1733 2423 aut

180 2460 291 2500 infra
327 2474 466 2499 sacros
503 2457 675 2498 ordines
710 2454 939 2496 constituti
978 2454 1066 2494 sint
1103 2453 1272 2502 ebriosi,
1309 2462 1385 2493 aut
1424 2453 1625 2494 tabernas
1662 2469 1733 2493 ex-

180 2534 410 2576 cercentes,
445 2542 519 2582 per
557 2541 663 2581 quas
703 2524 841 2565 multa
874 2523 1068 2564 enormia
1105 2524 1356 2577 frequenter
1391 2523 1733 2570 committantur,

181 2605 334 2653 utpote
368 2596 594 2645 adulteria,
626 2593 860 2635 homicidia
891 2601 935 2633 et
969 2592 1226 2634 huiusmodi.
1302 2592 1568 2646 Precipimus
1598 2593 1729 2632 eciam

180 2668 354 2716 eisdem,
378 2681 430 2707 ne
459 2663 784 2720 negociaciones
813 2661 1064 2716 secularesss,
1088 2677 1165 2702 nec
1190 2661 1355 2717 aliquid
1379 2661 1657 2701 accomodent
1680 2662 1731 2702 ad

183 2752 354 2778 usuram
388 2742 465 2783 set,
489 2735 602 2775 sicut
632 2731 817 2788 precipit
846 2731 1041 2772 doctrina
1069 2731 1330 2787 evangelica,
1356 2730 1588 2785 merciumg
1617 2731 1733 2780 dent,

250 2850 265 2865 ὕ
292 2850 367 2879 MS.
388 2847 607 2879 distinctam.
963 2845 983 2877 †
1010 2845 1084 2874 MS.
1103 2845 1151 2874 sic
1170 2844 1258 2875 dem.

250 2908 270 2943 ζ
293 2906 361 2936 aad
377 2905 566 2935 exerceant.
966 2903 982 2939 ξ’
1008 2901 1094 2931 later
1109 2901 1275 2931 corrected
1294 2906 1325 2931 to
1342 2904 1513 2931 mutuum.
