1961 3202
290 208 344 247 20
808 218 1035 248 MAGISTER
1070 219 1303 248 GLOMERIE

379 320 452 374 [F2
468 321 500 374 ?]
545 321 661 361 Nota
683 321 795 376 quod
815 322 972 377 duplex
996 329 1061 364 est
1083 323 1309 364 beatitudo
1327 324 1480 372 anime,
1496 339 1582 364 una
1604 323 1826 372 obiectiva,

290 389 373 429 alia
401 390 661 430 subiectiva:
694 391 904 432 obiee'tiva
933 407 1015 432 non
1051 400 1194 447 potest
1227 393 1512 448 augmentari,
1544 393 1645 447 quia
1677 393 1825 433 fruicio

291 458 501 499 obiectiva
522 457 574 499 al'
597 459 667 500 sic.

426 668 717 722 [Ofemaxirw
750 682 813 710 m:
843 671 872 710 I
880 682 1212 711 c'RJsJJJri'TJoNE
1242 673 1607 712 Aaclllhmvoxs
1637 684 1698 712 ET

584 739 910 779 ίϋμΥοΕιιμιηῐι
949 739 1323 780 ζᾸΥῙΓΕΒΝΙΤΑΊἾΒ
1355 740 1531 793 ζῌμγΤθ]

954 832 1001 885 [c.
1039 833 1168 885 1270]

385 960 603 1000 Universis
656 960 818 1000 Christi
862 960 1059 1000 fidelibus
1106 967 1325 1013 presentes
1374 961 1519 1000 literas
1570 959 1829 1013 inspecturis

293 1028 459 1085 Hugob,
483 1030 562 1069 Dei
589 1030 728 1083 gratia
751 1030 945 1085 Elycnsis
967 1031 1201 1085 episcopus,
1223 1031 1405 1071 salutem
1434 1031 1474 1070 iu
1500 1030 1696 1070 Domino.
1759 1029 1825 1069 Ad

294 1099 585 1139 universitatis
639 1106 777 1139 vestre
845 1098 1046 1139 noticiam
1098 1106 1245 1139 tenore
1304 1100 1571 1153 presencium
1631 1100 1828 1140 volumus

293 1168 526 1222 pervenire,
578 1168 688 1222 quod
742 1183 817 1208 nos
864 1168 1115 1208 affectantes
1168 1168 1531 1221 tranquillitatem
1584 1176 1627 1208 et
1679 1183 1826 1223 pacem

293 1238 588 1278 universitatis
630 1246 771 1278 nostre
816 1237 1147 1292 Cantebr[igie],
1188 1238 1430 1291 regentium
1480 1244 1523 1278 et
1569 1238 1825 1278 scholarium

293 1306 564 1347 studencium
588 1307 630 1346 iu
655 1306 815 1353 eadem,
839 1307 1114 1361 volentesque
1139 1314 1186 1347 ut
1210 1314 1296 1347 tam
1323 1306 1661 1347 Archidiaconus
1683 1313 1827 1346 noster

294 1377 488 1431 Elyensis
529 1377 637 1417 circa
678 1376 758 1417 sibi
800 1376 992 1416 subditos
1034 1391 1160 1431 quam
1206 1376 1497 1417 Cancellarius
1536 1376 1828 1416 universitatis

293 1447 480 1487 eiusdem
513 1447 621 1487 circa
648 1448 827 1487 scolares
856 1462 951 1488 suos
980 1448 1042 1488 ita
1073 1447 1410 1487 iurisdiccionem
1446 1462 1564 1487 suam
1596 1447 1825 1501 separatim

295 1523 555 1562 excerceant,
580 1523 627 1556 ut
653 1522 832 1570 uterque
855 1531 930 1555 suo
954 1518 1044 1556 iure
1067 1522 1296 1556 contentus
1319 1531 1401 1556 non
1426 1523 1603 1570 usurpet
1625 1516 1827 1564 alienum,

294 1585 345 1625 ad
370 1585 626 1639 peticionem
651 1591 694 1625 et
717 1585 968 1625 instanciam
991 1585 1143 1639 prefati
1164 1585 1462 1625 Archidiaconi
1489 1585 1632 1633 nost-ri,
1652 1584 1827 1625 Cancel-

295 1651 387 1690 larii
431 1658 473 1690 et
512 1651 810 1703 magistrorum
857 1652 1149 1691 universitatis
1194 1651 1476 1705 predictorum
1531 1651 1604 1701 (ab
1648 1657 1828 1706 utraque

296 1728 416 1776 parte
446 1720 566 1760 nobis
596 1719 765 1760 traditis
794 1721 1010 1769 articulis)
1039 1721 1091 1760 ad
1121 1727 1313 1761 eternam
1345 1720 1402 1760 rei
1434 1728 1554 1774 geste
1579 1720 1825 1760 memoriam

295 1804 421 1844 super
473 1789 554 1829 hiis
605 1788 850 1829 ordinamus
903 1790 1181 1843 infrascripta.
1244 1790 1294 1829 In
1348 1789 1496 1843 primis
1538 1790 1734 1829 volumus
1786 1795 1829 1829 et

295 1859 551 1905 ordinamus,
593 1858 706 1912 quod
754 1858 958 1913 Magister
1004 1859 1218 1899 Glomerie
1267 1859 1585 1913 Cant[ebrigie]
1629 1859 1704 1913 qui
1754 1873 1828 1912 pro

295 1934 487 1982 tempore
520 1926 661 1974 fuerit,
690 1926 837 1967 audiat
871 1935 914 1966 et
946 1927 1118 1967 decidat
1151 1928 1370 1967 universas
1401 1927 1742 1981 glomerellorum
1777 1942 1827 1967 ex

297 2002 416 2049 parte
439 2010 509 2035 rea
533 1995 815 2036 existencium
849 1995 1044 2049 [causas]¹
1069 1996 1260 2036 volentes
1290 1996 1331 2035 in
1361 1996 1438 2036 hac
1466 2002 1586 2049 parte
1614 1997 1825 2050 prefatum

298 2065 549 2119 magistrun]
604 2063 750 2104 eodem
806 2064 1028 2118 privilegio
1079 2064 1278 2118 gaudere,
1326 2064 1438 2117 quod
1488 2064 1647 2104 habent
1698 2064 1829 2105 ceteri

299 2134 492 2188 magistri
523 2133 575 2174 de
608 2133 840 2174 scolaribus
872 2134 959 2173 suis
993 2133 1045 2174 de
1082 2135 1219 2173 causis
1256 2149 1402 2174 eorum
1435 2133 1693 2175 decidendis,
1761 2134 1830 2174 Ita

299 2202 423 2257 quod,
445 2203 533 2242 sive
563 2203 647 2242 sint
673 2203 863 2251 scolares,
891 2203 980 2242 sive
1012 2203 1119 2251 laici,
1150 2204 1223 2257 qui
1253 2203 1542 2258 glomerellos‘*
1572 2203 1704 2243 velint
1733 2218 1828 2242 con—

299 2271 453 2318 venire,
487 2271 550 2311 vel
579 2271 741 2324 aliquid
769 2270 822 2311 ab
845 2271 904 2311 eis
937 2278 1093 2325 petere,
1119 2286 1192 2324 per
1225 2272 1333 2310 viam
1370 2271 1582 2311 iudicialis
1614 2271 1830 2325 indaginis

302 2342 377 2381 hoc
410 2340 606 2393 facia[n]t
643 2355 783 2380 coram
824 2341 1027 2394 magistro
1063 2341 1280 2395 glomerie,
1311 2341 1364 2380 ad
1398 2355 1524 2395 quem
1562 2340 1830 2380 decernimus

302 2409 546 2450 huiusmodi
599 2424 723 2449 cause
765 2410 1084 2464 congnicionem
1129 2417 1321 2464 spectare
1374 2410 1500 2464 pleno
1548 2410 1648 2450 iure.
1733 2410 1827 2450 Nisi

303 2477 547 2519 huiusmodi
580 2492 705 2518 cause
743 2479 964 2533 congnicio
996 2479 1051 2518 sit
1093 2478 1144 2518 de
1180 2479 1457 2533 pensionibus
1491 2479 1712 2519 domorum
1756 2493 1831 2533 per

306 2547 527 2600 magistros
565 2552 608 2585 et
644 2545 879 2601 burgenses
917 2545 1199 2595 taxatarumd,
1231 2547 1292 2587 vel
1329 2547 1381 2587 de
1414 2547 1608 2587 facinoris
1645 2548 1830 2587 enormis

303 2614 534 2661 evidencia,
559 2613 632 2653 ubi
664 2615 896 2668 requiritur
924 2615 1271 2656 incarceracionis
1303 2630 1421 2669 pena,
1445 2615 1511 2655 vel
1540 2616 1593 2655 ab
1623 2615 1830 2655 universi-

304 2691 394 2725 tate
423 2683 619 2738 privaciO.
682 2682 734 2721 In
769 2683 849 2722 hiis
879 2684 993 2723 enim
1027 2683 1195 2724 casibus
1227 2690 1271 2725 et
1304 2699 1387 2724 non
1419 2684 1513 2724 aliis
1545 2683 1831 2737 respondeant

302 2751 536 2808 glomerelli
565 2765 704 2791 coram
735 2751 998 2792 Cancellario
1034 2752 1213 2793 cuilibet
1247 2754 1500 2808 querelanti,
1529 2753 1605 2807 qui
1634 2752 1831 2793 iurisdic-

303 2823 466 2862 cionem
494 2835 614 2860 suam
649 2827 817 2860 exercet
854 2821 897 2860 in
933 2821 1027 2870 hiis,
1059 2822 1171 2862 sicut
1203 2829 1268 2862 est
1299 2822 1404 2862 alias
1435 2822 1720 2862 observatum.
1782 2822 1831 2864 Si

306 2906 402 2931 vero
430 2890 633 2944 magister
664 2889 868 2944 glomerie
902 2898 1158 2945 congnoscat
1190 2892 1302 2932 inter
1335 2891 1537 2932 scolarem
1567 2896 1753 2932 actorem
1789 2899 1831 2933 et
