1961 3202
70 1281 107 1321 p.
133 1269 215 1308 198

306 176 386 216 186
782 186 975 219 LAUDUM
1012 188 1360 219 ARCHIEPhSCOPI

303 290 650 331 archidiaconum
683 306 757 345 per
787 297 1031 345 presentem
1064 299 1251 332 nostram
1285 292 1592 333 diffinicionem
1626 293 1842 347 pertinere

304 359 598 409 dinoscuntur,
620 375 668 401 ac
691 361 824 401 eciam
854 361 1190 402 celebracionem
1215 361 1500 416 capitulorum
1526 368 1568 403 et
1591 362 1843 410 sessionum,

305 436 392 469 tam
434 429 697 483 generalium
741 444 869 484 quam
913 430 1095 470 aliorum
1138 445 1508 485 quorumcunque,
1546 432 1587 470 in
1632 430 1841 471 archidia-

303 503 458 538 conatu
509 497 712 552 predicte,
761 499 962 553 exceptis,
1011 504 1061 539 ut
1112 513 1250 553 supra.
1335 499 1616 540 Inducciones
1668 500 1843 554 insuper

303 567 495 608 omnium
518 567 868 607 beneficiatorum
900 568 944 607 in
973 567 1129 608 diocesi
1162 568 1376 621 Elien[si],
1407 574 1494 608 tam
1525 569 1570 609 in
1594 568 1842 609 visitacione

305 637 491 692 episcopi
533 652 661 691 quam
700 643 832 685 extra,
867 647 911 677 et
954 637 1271 678 installaciones
1312 637 1609 692 religiosorum
1653 637 1842 678 habeant

302 707 626 747 archidiaconus
664 714 707 747 et
744 707 877 761 ipsius
914 721 1187 755 successores
1219 708 1409 761 exceptis
1442 707 1484 746 in
1526 714 1707 761 utroque
1744 721 1839 746 casu

303 776 400 826 illis,
428 791 510 830 que
542 776 738 831 superius
770 776 968 831 episcopo
1000 783 1284 817 reservantur.
1347 776 1457 817 Cum
1491 791 1588 816 vero
1621 776 1674 816 ab
1705 775 1841 815 archi-

301 844 490 893 diacono,
520 844 664 884 eiusve
697 843 878 891 officiali,
903 844 967 884 vel
997 844 1299 892 commissario,
1321 844 1375 884 ad
1404 843 1742 897 con[si]storium
1774 843 1841 883 vel

302 913 570 954 audienciam
607 913 793 967 episcopi
830 913 883 953 ab
917 913 1060 967 aliquo
1095 919 1294 967 pretenso
1328 913 1576 966 gravamine
1612 912 1760 952 frivole
1799 920 1842 952 et

303 983 460 1024 frustra
496 983 749 1038 appellatur,
784 983 852 1023 vel
884 982 920 1022 si
951 982 1190 1037 appellacio
1221 982 1390 1022 deserta
1423 981 1564 1030 fuerit,
1599 982 1674 1022 hoc
1706 981 1843 1029 doctu,

256 1077 258 1079 >
303 1068 442 1094 coram
476 1053 672 1106 episcopo
711 1053 773 1092 vel
812 1053 905 1093 eius
942 1052 1124 1101 officiali,
1156 1052 1247 1092 sine
1285 1052 1541 1092 difficultate
1579 1066 1721 1100 causa,
1752 1051 1842 1091 sive

305 1123 528 1178 negocium
564 1121 826 1171 huiusmodi,
852 1121 906 1162 ad
938 1122 1301 1171 archidiaconum,
1331 1122 1476 1162 eiusve
1509 1121 1746 1169 officialem,
1776 1120 1839 1160 vel

303 1194 652 1239 connnissarium,
680 1192 877 1247 protinus
907 1191 1170 1232 remittatur.
1234 1191 1444 1239 Preterea,
1469 1190 1677 1245 competit
1703 1189 1839 1230 archi-

303 1263 480 1304 diacono
529 1261 704 1309 Eliensi,
750 1267 794 1301 et
844 1260 931 1301 suis
981 1260 1307 1309 successoribus,
1355 1260 1580 1315 magistros
1632 1259 1840 1300 scolarum

302 1331 691 1388 grammaticalium
711 1331 753 1370 in
774 1329 1058 1370 universitate
1077 1329 1396 1384 Cantebr[igie]
1421 1335 1617 1369 tantumst
1641 1328 1841 1382 perficere

303 1400 504 1456 quociens
527 1406 570 1440 et
593 1399 703 1439 sicut
725 1399 785 1438 eis
809 1398 1026 1439 videbitur
1048 1398 1261 1453 expedire.
1318 1399 1373 1439 Et
1395 1398 1507 1438 circa
1531 1398 1838 1451 prefeccionem

303 1471 561 1512 decanorum
595 1469 815 1515 ruralium,
843 1469 1044 1523 quociens
1078 1474 1251 1522 tenipus
1283 1468 1482 1515 arrideat,
1516 1467 1840 1508 archidiaconus

302 1540 496 1588 EliensiS,
529 1540 602 1594 qui
642 1554 713 1592 pro
748 1546 940 1593 tempore
979 1539 1120 1587 fuerit,
1152 1539 1203 1579 de
1238 1538 1420 1592 singulis
1452 1536 1733 1577 decanatibus
1764 1551 1839 1577 sue

302 1610 609 1652 iurisdiccionis
632 1609 814 1649 duarum
840 1623 1115 1662 personarum
1140 1609 1315 1648 nomina
1337 1607 1607 1648 transmittet
1631 1607 1842 1661 episcopo,

302 1694 483 1735 quarum
513 1678 572 1719 sic
601 1679 920 1718 nominatarum
951 1678 1204 1730 (dummodo
1235 1692 1318 1717 non
1349 1676 1432 1717 fuit
1455 1676 1507 1717 de
1539 1675 1728 1730 personis
1751 1676 1840 1716 sive

300 1749 399 1790 locis
431 1748 628 1803 episcopo
660 1747 796 1787 solum
831 1754 874 1787 et
907 1747 951 1787 in
983 1746 1168 1787 solidum
1201 1746 1397 1800 superius
1430 1745 1676 1797 reservatis)
1708 1760 1836 1786 unam

301 1819 393 1859 sine
417 1817 669 1858 difficultate
693 1824 736 1857 et
759 1816 969 1857 dilacione
994 1816 1188 1870 preficiet
1208 1815 1435 1870 episcopus
1460 1816 1498 1854 in
1524 1814 1746 1863 decanum,
1765 1815 1837 1868 qui

302 1894 391 1928 tam
425 1887 634 1940 episcopo,
659 1901 787 1940 quam
819 1885 1264 1934 a1·cliidiaconO,ci1'ca
1292 1885 1592 1925 execucionem
1621 1883 1689 1923 sui
1712 1883 1839 1923 officii

302 1956 524 1997 fidelitatis
540 1956 749 2010 prestabit
765 1955 961 1996 debitum
977 1961 1021 1996 et
1036 1955 1211 1995 solitum
1232 1954 1539 1995 iuramentum.
1593 1953 1840 1994 Laudamus

301 2042 483 2083 quoque,
525 2026 638 2081 quod
681 2025 1008 2066 archidiaconus
1051 2025 1270 2079 predictus
1314 2032 1358 2065 et
1400 2024 1536 2078 ipsius
1578 2038 1839 2064 successores

303 2098 490 2138 habeant
512 2095 812 2136 instituciones
835 2102 879 2136 et
896 2095 1207 2135 destituciones
1229 2093 1551 2148 capellanorum
1566 2092 1839 2147 capellarum,

302 2174 346 2209 et
368 2166 669 2215 cantariarum,
691 2180 775 2219 que
805 2165 857 2205 de
887 2180 963 2204 sua
990 2164 1194 2218 primaria
1224 2163 1495 2203 ordinacione
1519 2168 1562 2202 et
1586 2162 1839 2202 fundacione

302 2237 523 2292 pertinent
555 2235 609 2275 ad
646 2234 994 2274 archidiaconum
1029 2233 1259 2280 Eheusem,
1291 2241 1367 2271 aut
1399 2231 1450 2271 de
1488 2231 1635 2271 futura
1671 2230 1838 2270 ordina-

301 2305 421 2346 cione
444 2310 487 2344 et
510 2303 784 2344 fundatorum
811 2302 1168 2356 disposicionibus
1190 2300 1472 2354 pertinebunt
1494 2299 1546 2339 ad
1571 2298 1770 2348 eundem,
1792 2314 1840 2339 ac

302 2378 582 2430 potestateml
617 2371 878 2413 concedendi
918 2371 1065 2411 literas
1105 2370 1395 2411 monicionum
1439 2375 1483 2409 et
1519 2369 1836 2409 sentenciarum

301 2443 567 2498 generalium
598 2442 647 2481 ad
680 2441 865 2481 officium
896 2455 1023 2480 suum
1053 2439 1105 2480 de
1136 2437 1448 2480 consuetudine
1472 2437 1837 2492 pertinen[tium]‚

303 2519 347 2554 et
388 2513 625 2553 bannorum
670 2509 1052 2550 matrimonialium
1104 2522 1459 2562 quorumcunque
1504 2506 1557 2547 ad
1600 2521 1699 2546 eum
1741 2520 1839 2547 con-

303 2581 549 2628 fluencium,
571 2580 761 2633 exceptis
791 2593 959 2632 semper
992 2577 1103 2625 locis,
1133 2576 1335 2630 personis,
1364 2582 1408 2616 et
1439 2575 1609 2615 casibus
1641 2574 1839 2629 episcopo

303 2649 539 2691 reservatis
592 2648 705 2688 Item
729 2647 1073 2688 examinaciones
1095 2646 1318 2686 literarum
1342 2644 1540 2684 ordinum
1564 2650 1607 2684 et
1624 2657 1838 2683 commen-

304 2719 557 2759 daticiarum
589 2731 944 2771 quorumcunque
973 2715 1122 2756 divina
1151 2713 1465 2755 celebrancium
1496 2712 1606 2752 infra
1634 2711 1836 2752 diocesim

306 2789 533 2836 Eliensem,
560 2793 681 2827 extra
711 2785 800 2825 loca
832 2785 1029 2839 episcopo
1063 2784 1222 2824 Eliensi
1260 2798 1333 2837 per
1364 2789 1610 2837 presentem
1646 2787 1836 2821 nostram

920 2869 929 2887 ¹
955 2870 1027 2900 MS.
1049 2871 1228 2908 potestate.
