1961 3202
78 2034 169 2066 Nota
187 2044 276 2075 pene

80 2177 117 2217 p.
142 2165 224 2203 202

322 182 403 222 190
803 193 999 224 LAUDUM
1033 194 1383 224 ARCHIEPISCOPI

322 308 478 341 ramus,
509 309 557 334 ac
589 294 682 348 ipsa
713 295 858 335 omnia
890 302 934 336 et
966 296 1134 349 singula
1170 296 1265 336 iura
1296 296 1666 344 archidiaconalia,
1697 312 1859 338 necnon

321 362 631 416 possessionem
670 378 745 403 seu
782 364 918 418 quasi,
950 364 1055 404 iuris
1087 365 1320 405 eorundem
1354 366 1520 419 prefato
1552 366 1863 413 archidiacono,

321 437 363 471 et
388 431 480 471 eius
502 432 829 482 successoribus,
853 432 1208 486 reintegrand[a],
1231 434 1273 474 in
1297 434 1515 489 integrum
1541 435 1862 488 restituend[a]‚

321 507 365 541 et
388 501 430 540 in
454 507 619 541 statum
644 502 876 556 pristinum
906 503 1200 556 reducend[a],
1225 504 1343 544 nulla
1373 504 1414 544 in
1440 519 1489 544 ea
1512 510 1633 558 parte
1657 505 1862 558 prescrip-

319 570 440 609 cione
477 578 554 610 aut
595 585 724 611 causa
760 571 1053 625 prescribendi
1096 586 1171 611 seu
1215 572 1470 627 excepcione
1513 572 1555 613 in
1600 573 1859 613 contrarium

319 637 559 692 alleganda,
581 653 654 678 seu
679 639 1003 693 quomodolibet
1027 639 1312 690 admittenda,
1336 655 1418 695 que
1440 641 1586 681 omnia
1608 641 1651 681 in
1675 641 1861 681 eundem

320 721 464 746 casum
519 713 562 747 et
608 713 812 747 eventum
861 723 936 762 pro
982 708 1181 763 episcopo
1223 714 1267 749 et
1315 715 1464 750 contra
1512 710 1860 750 archidiaconum

321 790 548 816 econverso
583 776 721 816 locum
761 776 918 817 habere
952 776 1164 825 volumus,
1195 777 1476 831 disponimus,
1508 778 1786 827 declaramus
1819 785 1862 818 et

320 845 578 894 ordinamus,
601 861 648 886 ac
672 847 816 886 omnia
838 846 988 886 eadem
1017 846 1215 901 episcopo
1239 862 1288 887 ex
1314 852 1418 887 tunc
1441 854 1569 901 prout
1593 847 1861 901 episcopatui

322 914 565 955 huiusmodi
590 915 812 955 decretum
836 922 1043 963 nostrum,
1061 916 1151 956 sive
1174 916 1505 956 submissionem
1531 916 1711 972 integra,
1730 917 1862 965 illesa,

320 988 364 1023 et
388 984 554 1024 illibata
576 999 797 1024 remanere
820 991 863 1025 et
887 999 962 1039 per
987 985 1334 1026 archidiaconum
1368 986 1541 1026 restitui
1572 1001 1668 1026 cum
1693 986 1860 1026 effectu.

321 1053 367 1093 Si
405 1069 500 1094 vero
538 1055 732 1109 prefatus
770 1053 994 1109 episcopus
1031 1054 1354 1108 possessionem,
1385 1069 1460 1094 seu
1499 1054 1633 1108 quasi,
1664 1056 1857 1095 omnium

321 1123 479 1163 iurium
504 1123 912 1164 archidiaconalium
940 1124 1232 1179 predictorum
1263 1125 1429 1178 prefato
1455 1124 1755 1164 archidiacono
1784 1138 1857 1164 seu

319 1192 411 1232 eius
442 1193 756 1233 successoribus
788 1193 1020 1234 restituere
1054 1193 1330 1248 necglexerit,
1362 1200 1437 1234 aut
1475 1194 1750 1239 recusaverit,
1784 1208 1857 1233 seu

318 1262 414 1316 plus
437 1262 582 1304 debito
604 1262 835 1311 distulerit,
853 1269 903 1303 ut
929 1263 1154 1317 prefertur,
1171 1269 1247 1304 aut
1266 1279 1350 1303 non
1370 1263 1627 1318 impleverit,
1645 1269 1860 1318 quatenus

318 1331 359 1372 in
392 1347 441 1372 co
469 1338 545 1381 est,
568 1348 650 1387 que
680 1333 878 1387 superius
902 1333 1208 1382 ordinavimus,
1236 1332 1436 1381 diximus,
1460 1332 1743 1381 laudavimus,
1767 1348 1858 1387 pro-

320 1402 631 1449 nunciavimus,
646 1402 914 1442 decrevimus
932 1409 974 1442 et
992 1401 1371 1450 sentenciavimus,
1386 1402 1528 1456 ipsum
1548 1402 1796 1456 episcopum
1818 1408 1860 1444 ct

321 1471 443 1510 modo
472 1471 683 1511 consimili
713 1471 1061 1512 archidiaconum
1085 1472 1119 1511 si
1143 1471 1362 1526 premissis
1384 1471 1616 1525 dispositis,
1639 1471 1859 1520 ordinatis,

316 1546 360 1580 et
389 1540 680 1589 sentenciatis,
711 1554 794 1579 non
828 1539 1034 1594 paruerit,
1064 1547 1140 1579 aut
1172 1539 1538 1594 obtemperaverit
1571 1554 1667 1579 cum
1701 1540 1856 1580 effectu

316 1608 413 1648 fidei
439 1616 482 1648 et
507 1608 736 1648 iuramenti
761 1608 828 1648 sui
856 1608 924 1648 hic
955 1614 999 1648 et
1022 1608 1120 1648 inde
1143 1608 1195 1648 ad
1220 1609 1311 1662 ipsa
1336 1608 1520 1649 fideliter
1541 1609 1858 1663 adimplend[a]

316 1684 357 1718 et
391 1677 695 1731 observand[a]
728 1676 1012 1732 personaliter
1044 1676 1214 1730 prestiti
1248 1692 1388 1717 coram
1423 1677 1557 1727 nobis,
1590 1684 1633 1718 et
1671 1693 1747 1733 per
1783 1693 1858 1718 nos

316 1748 475 1802 recepti
500 1754 544 1788 et
566 1747 755 1796 admissi,
778 1747 821 1786 in
845 1746 1142 1786 submissirmis
1165 1754 1209 1786 et
1231 1746 1401 1787 arbitrii
1425 1747 1601 1802 negocio
1623 1747 1858 1796 antedicto,

314 1822 655 1871 contemptorem
699 1831 772 1856 seu
821 1821 1153 1870 contemptores,
1195 1823 1553 1871 transgressorem
1601 1831 1674 1856 seu
1719 1823 1856 1856 trans-

315 1900 539 1940 gressores,
554 1892 631 1925 aut
647 1884 867 1939 periurum
885 1899 960 1924 seu
984 1884 1189 1938 periuros,
1207 1885 1554 1938 pronunciamus,
1573 1884 1855 1933 decernimus,

316 1962 360 1996 et
396 1955 674 2003 declaramus,
705 1969 753 1994 ac
789 1954 975 1994 eundem
1014 1954 1275 2008 episcopum,
1308 1969 1383 1994 seu
1422 1954 1514 1994 eius
1556 1969 1856 2002 successorem,

315 2023 571 2080 premiss[is]
604 2023 891 2064 effectualiter
923 2038 1005 2063 non
1039 2029 1278 2077 parentem,
1311 2023 1354 2063 111
1390 2025 1616 2064 trescentis
1650 2024 1770 2064 libris
1807 2038 1855 2064 ac

317 2093 439 2134 modo
462 2093 672 2133 consimili
697 2093 881 2133 eundem
905 2092 1271 2143 archidiaconum,
1292 2108 1366 2133 seu
1390 2093 1527 2147 ipsius
1556 2108 1854 2143 successorem,

315 2163 406 2218 ipsa
438 2164 644 2218 premissa
675 2178 750 2218 per
782 2177 858 2203 nos
891 2162 1100 2211 ordinata,
1129 2162 1241 2203 sicut
1274 2170 1449 2203 tenetur
1481 2169 1524 2203 et
1553 2163 1854 2217 disposuimus,

316 2248 400 2273 non
422 2233 748 2287 adimplentem,
765 2233 806 2273 in
832 2238 958 2273 tanta
979 2247 1161 2280 summa,
1178 2248 1202 2272 a
1226 2238 1347 2286 parte
1365 2247 1448 2272 non
1467 2238 1658 2286 parente,
1675 2232 1855 2273 errarioa

316 2302 426 2357 regis
468 2303 648 2357 predicti
690 2309 734 2343 et
771 2303 883 2357 parti
921 2302 1240 2356 obtemperanti
1289 2303 1516 2342 annuatim
1560 2310 1602 2342 et
1644 2303 1855 2357 equaliter

316 2372 645 2426 persolvend[a]‚
668 2386 888 2426 quousque
912 2372 1119 2426 premissa
1148 2370 1296 2412 debite
1328 2377 1372 2411 et
1401 2386 1497 2412 cum
1529 2372 1686 2412 effectu
1716 2373 1852 2427 perfe-

315 2440 433 2487 cerit,
447 2454 521 2493 per
544 2440 652 2480 hanc
674 2446 863 2480 nostram
887 2439 1152 2480 sentenciam
1175 2439 1554 2493 condempnamus,
1571 2440 1853 2480 concedentes

317 2508 493 2563 prefatis
522 2509 610 2562 regi
644 2516 686 2549 et
719 2509 832 2563 parti
862 2508 1179 2563 obtemperanti
1210 2509 1378 2549 levandi
1413 2523 1567 2563 penam
1604 2509 1852 2550 huiusmodi

316 2578 565 2619 melioribus
608 2578 687 2617 viis
724 2586 768 2618 et
807 2578 953 2628 modis,
985 2578 1142 2632 quibus
1179 2579 1352 2632 poterit,
1386 2579 1429 2619 in
1466 2593 1726 2633 quocunque
1765 2579 1852 2620 foro

315 2647 599 2688 ecclesiastico
632 2662 703 2687 seu
738 2647 930 2694 seculari,
964 2647 1202 2701 plenariam
1242 2654 1514 2702 potestatem.
1577 2648 1717 2688 Tener
1754 2663 1851 2688 vero

315 2716 610 2757 submissionis
639 2722 684 2755 et
713 2716 1005 2768 compromissi
1030 2715 1071 2754 in
1096 2730 1171 2755 nos
1195 2716 1454 2769 fact[orum],
1477 2717 1598 2756 cuius
1625 2716 1767 2770 vigore
1790 2717 1849 2756 sic

315 2784 606 2840 processimus,
638 2784 691 2824 de
727 2798 811 2837 quo
848 2784 983 2824 eciam
1020 2798 1150 2838 supra
1182 2785 1231 2823 fit
1265 2784 1442 2833 mencio,
1474 2784 1670 2839 sequitur
1701 2790 1746 2825 et
1782 2793 1848 2824 est

309 2854 417 2897 talis.
471 2853 522 2895 In
542 2852 624 2895 Dei
639 2853 811 2895 nomine
829 2866 966 2893 amen.
985 2867 1060 2907 per
1075 2867 1248 2907 presens
1266 2853 1486 2908 publicum
1505 2853 1844 2895 instrumentum
