1961 3202
146 2410 182 2449 p.
207 2397 261 2435 50

294 202 347 240 22
511 200 859 240 ARCHDEACON⁷s
889 210 1211 240 JURISDICTION
1247 210 1296 240 IN
1330 210 1610 240 UNIVERSITY

292 316 502 364 navimus,
540 315 809 370 presentibus
846 315 975 356 inseri
1017 316 1207 365 fecimus,
1251 315 1450 357 videlicet
1492 315 1604 370 quod
1646 319 1829 355 rectores

292 385 576 433 ecclesiarum,
614 384 770 432 vicarii,
807 385 1016 438 capellani
1052 385 1326 440 parochiales,
1358 391 1402 426 et
1439 385 1511 426 alii
1554 384 1828 425 ecclesiarum

292 453 605 507 Cant[ebrigie]
632 453 827 502 ministri,
849 454 1160 495 Archidiaceno
1183 469 1257 509 per
1279 455 1423 494 omnia
1444 454 1626 501 subsint,
1649 454 1762 494 sicut
1785 458 1828 493 et

292 524 363 563 alii
392 523 444 564 de
470 522 828 564 Archidiaconatu
861 539 936 564 suo
967 524 1190 565 adiciendo
1211 524 1522 572 declarantes*,
1544 523 1656 578 quod
1685 522 1829 577 appel-

292 593 450 632 111616116
475 591 765 632 ministrorum
788 592 961 634 ecclesie
990 594 1185 634 volumus
1212 593 1256 633 in
1285 593 1362 634 hoc
1385 608 1483 634 casu
1506 592 1716 634 contineri
1738 598 1827 633 tam

291 663 431 716 ipsum
454 666 673 710 rectorem,
697 660 901 701 vicarium
924 671 968 702 et
990 662 1162 702 clericos
1185 663 1359 702 ecclesie
1376 661 1678 709 deservientes,
1697 675 1825 715 quam

292 729 548 785 presbiteros
584 729 850 770 celebrantes
884 730 1030 771 missas
1061 731 1186 772 beate
1225 731 1413 786 Virginis
1442 738 1485 771 et
1512 745 1586 784 pro
1618 729 1831 777 fidelibus,

290 799 393 839 dum
429 809 574 839 tamen
610 798 664 839 ab
697 798 841 853 aliquo
875 799 1228 853 parochianorum
1271 799 1473 840 laieorum
1513 798 1829 853 Cant[ebrigie]

290 869 449 909 fuerint
471 868 697 922 procurati,
719 868 865 922 ibique
891 883 1048 909 moram
1078 868 1237 910 faciant
1266 869 1560 924 principaliter
1587 884 1662 923 pro
1692 867 1830 907 missis

292 937 538 979 huiusmodi
570 937 835 978 celebrandis
867 937 966 978 licet
999 939 1137 978 forsan
1169 954 1194 978 a
1228 938 1378 979 laterea
1409 938 1582 979 studere
1618 937 1752 978 velint
1786 943 1829 977 et

292 1008 424 1049 scolas
466 1022 695 1048 excercere.
759 1007 806 1047 Si
851 1022 946 1048 vero
989 1008 1284 1061 principaliter
1325 1023 1452 1049 causa
1493 1008 1733 1049 studiorum
1777 1007 1827 1046 ad

294 1077 574 1131 municipium
632 1076 948 1130 Cant[ebrigie]
1002 1077 1211 1126 venerint,
1264 1077 1364 1118 licet
1417 1078 1557 1118 forsan
1615 1077 1828 1131 predictas

294 1147 442 1187 missas
483 1147 700 1187 celebrent
737 1161 812 1201 per
844 1146 1123 1201 parochianos
1159 1147 1386 1201 procurati,
1417 1147 1611 1187 volumus
1645 1154 1688 1187 et
1719 1145 1829 1186 ordi-

295 1231 459 1263 namus,
492 1215 605 1269 quod
639 1215 891 1256 Cancellarii
925 1216 1265 1257 iurisdiccionem
1299 1217 1470 1257 subsint
1501 1217 1684 1257 omnino.
1759 1216 1829 1256 Ita

294 1285 418 1339 quod,
441 1286 475 1325 si
502 1285 738 1332 dubitetur,
761 1301 844 1339 qua
873 1285 1116 1326 intencione
1146 1301 1303 1326 moram
1339 1287 1502 1327 faciunt
1534 1285 1829 1341 principaliter

294 1357 337 1395 in
367 1354 600 1408 municipio
624 1355 826 1408 predicto,
853 1370 981 1409 super
1011 1355 1088 1396 hoc
1110 1363 1251 1396 stetur
1282 1356 1468 1410 ipsorum
1494 1356 1825 1411 presbiterorum

295 1427 535 1465 iuramento
561 1425 837 1479 corporaliter
868 1425 1098 1479 prestando
1130 1441 1268 1466 eoram
1300 1425 1616 1466 Archidiacono
1645 1431 1688 1466 et
1715 1424 1826 1467 Can-

294 1496 462 1536 cellario
491 1495 748 1543 nwmoratis,
772 1502 815 1535 et
848 1496 907 1535 sic
938 1496 990 1536 de
1022 1496 1267 1536 huiusmodi
1299 1496 1526 1550 presbiteri
1557 1510 1734 1550 persona
1756 1495 1828 1535 ille

293 1565 631 1606 iurisdiccionem
666 1565 823 1604 habeat
855 1565 1040 1612 omnino,
1071 1566 1122 1604 ad
1157 1580 1284 1619 11116111
1319 1580 1367 1605 ex
1400 1571 1558 1605 eventu
1592 1570 1635 1605 et
1668 1565 1826 1604 virtute

294 1635 525 1675 iuramenti
568 1634 803 1688 pertinebit
846 1635 889 1674 in
932 1635 1066 1674 forma
1108 1635 1304 1689 superius
1345 1641 1562 1675 annotata.
1640 1634 1686 1674 Si
1730 1648 1827 1673 vero

293 1711 487 1752 rectores,
505 1703 647 1744 vicarii
670 1709 713 1743 et
739 1703 920 1743 ministri
946 1703 1190 1743 huiusmodi
1212 1704 1485 1744 ecclesiarum
1511 1702 1827 1756 Cant[ebrigie]

294 1778 402 1816 forte
425 1790 519 1815 611111
545 1774 702 1814 scolare
725 1773 993 1822 contrahant,
1016 1789 1086 1814 5611
1113 1774 1155 1813 in
1185 1781 1284 1814 actu
1318 1774 1537 1814 scolastico
1560 1773 1825 1827 delinquant,

294 1847 336 1886 in
362 1845 443 1885 hiis
466 1844 765 1885 tantummodo
787 1843 966 1891 casibus,
981 1850 1024 1884 et
1048 1858 1130 1883 non
1149 1843 1255 1892 aliis,
1270 1859 1406 1883 coram
1427 1843 1692 1885 Cancellario
1714 1842 1827 1895 ipsos

294 1915 554 1970 precipimus
586 1914 783 1967 compelli
816 1913 1080 1966 respondere.
1146 1913 1212 1952 Ad
1246 1913 1322 1953 1166
1355 1913 1468 1953 inter
1499 1913 1583 1952 alia
1612 1911 1827 1952 laudabile

295 1991 510 2026 statutum
545 1989 589 2024 et
621 1983 790 2024 salubre
822 1983 1005 2042 1111161115
1035 1982 1301 2023 Cancellario
1330 1990 1373 2022 et
1406 1982 1623 2037 magistris
1659 1981 1825 2022 editum

294 2041 524 2110 diligenter
546 2053 824 2107 inspeximus,
847 2068 898 2093 ne
921 2053 1017 2107 quis
1038 2053 1226 2107 aliquem
1255 2067 1328 2106 pro
1354 2053 1512 2093 scolare
1544 2058 1730 2099 tueatur,
1751 2051 1826 2106 qui

295 2129 457 2164 certum
494 2123 745 2177 magistrum
783 2121 895 2161 infra
925 2120 1172 2175 quindecim
1206 2121 1308 2169 dies,
1346 2128 1574 2175 postquam
1619 2119 1824 2160 universi-

297 2200 431 2234 tatem
465 2191 577 2232 idem
612 2190 783 2231 scolaris
820 2190 1035 2245 ingressus
1071 2188 1163 2238 sith,
1195 2205 1280 2230 non
1318 2190 1520 2231 habuerit
1556 2196 1633 2230 aut
1671 2203 1824 2229 nomen

297 2278 421 2303 suum
444 2263 552 2302 infra
576 2268 746 2315 tempus
772 2261 1033 2315 prelibatum
1057 2261 1098 2300 11]
1126 2260 1353 2301 matricula
1374 2261 1439 2300 sui
1464 2259 1659 2315 magistri
1688 2259 1825 2313 redigi

297 2346 377 2371 non
402 2330 627 2378 curaverit,
651 2330 731 2369 nisi
758 2329 952 2384 magistri
973 2329 1185 2378 absencia,
1209 2329 1272 2369 vel
1296 2329 1412 2369 iusta
1434 2344 1574 2369 rerum
1602 2328 1826 2382 occupacio

297 2400 409 2440 idem
435 2398 653 2452 impediat.
682 2400 686 2452 1
718 2399 870 2447 Immo,
887 2398 1022 2452 siquis
1045 2398 1142 2438 talis
1164 2398 1243 2438 sub
1269 2398 1440 2438 1161111116
1463 2397 1632 2438 scolaris
1656 2397 1825 2437 latitare

297 2467 553 2515 inveniatur,
571 2467 634 2506 vel
659 2466 871 2507 deiciatur
886 2467 950 2507 vel
974 2467 1352 2507 retineaturiuxta
1375 2466 1544 2521 Reg[is]
1568 2466 1825 2507 libertatem.

300 2538 365 2585 Et,
399 2537 498 2576 116613
536 2536 719 2590 quilibet
758 2536 973 2591 magister,
1007 2542 1239 2590 antequam
1278 2536 1509 2576 actualiter
1544 2535 1597 2576 ad
1634 2535 1824 2588 regimen

297 2606 566 2655 admittatur,
588 2612 804 2646 statutum
830 2605 1077 2646 huiusmodi
1100 2605 1183 2645 fide
1216 2605 1398 2659 prestita
1421 2605 1587 2645 firmare
1615 2610 1826 2652 teneatur,

298 2675 590 2716 intelleximus
633 2674 788 2723 1111111111,
831 2675 945 2728 quod
992 2675 1137 2730 plures
1185 2675 1392 2729 magistri,
1433 2674 1612 2730 periurii
1658 2680 1823 2715 reatum

297 2745 440 2799 sepius
467 2744 745 2791 incurrentes,
776 2750 924 2783 contra
952 2743 1143 2784 eiusdem
1171 2743 1327 2784 statuti
1356 2748 1560 2791 tenorem,
1587 2741 1751 2796 aliquos
1780 2748 1828 2782 ut

298 2814 477 2855 scolares
510 2812 791 2860 defendendo,
829 2812 956 2852 fidem
991 2828 1111 2853 suam
1149 2813 1349 2866 nequiter
1387 2812 1611 2861 violarunt,
1653 2818 1828 2866 propter

876 2897 892 2911 ἦ
919 2897 957 2926 Μ
959 2898 993 2927 S.
1020 2896 1241 2928 declarenteS.
