1961 3202
592 204 701 235 FEEs
734 205 783 234 IN
817 195 1164 235 ARcHDEACON's
1197 205 1347 236 COURT
1662 197 1744 237 163

279 323 346 364 pp.
383 311 583 351 164-168
617 309 800 365 [blank]

23 461 102 501 109
270 452 393 491 1520.
456 450 580 491 feoda
611 449 864 507 acq'picnda
896 450 938 491 in
973 451 1093 491 curia
1129 451 1437 492 Archidiaconi
1471 451 1665 493 Eliensis.

279 535 329 576 In
363 536 513 591 primis
547 551 621 592 pro
656 536 905 578 inductione
1502 554 1555 578 xx
1572 553 1599 580 s,
1626 538 1685 594 iiij
1702 537 1740 579 d.

278 605 389 646 Item
410 621 485 660 pro
504 606 755 648 testamenti
773 606 1087 661 approbacione
1106 614 1155 648 ut
1175 607 1215 647 in
1233 607 1450 661 statut[is]

277 675 388 716 Item
423 691 498 730 pro
533 676 768 717 indictione
1501 677 1538 733 vj
1556 693 1586 719 S.
1610 678 1682 732 viij
1701 678 1739 719 d.

393 746 506 786 unde
539 747 796 801 regestrario
1506 748 1549 803 iij
1568 763 1596 789 s.
1621 748 1681 802 iiij
1700 747 1736 788 d.

276 815 387 855 Item
413 816 455 856 in
481 816 730 857 visitacione
754 816 1009 870 regestrario
1032 831 1107 871 pro
1130 817 1325 872 qualibet
1348 818 1448 858 villa

333 885 477 926 oblata
1665 887 1682 942 j
1700 888 1738 929 (l.

273 954 386 996 Item
410 955 595 1010 quilibet
618 955 779 995 faciens
802 955 1107 1009 purgacionem
1133 956 1164 996 si
1186 955 1447 998 demittatur

331 1024 587 1079 regestrario
1642 1025 1681 1080 vj
1699 1025 1738 1066 d.

273 1094 336 1134 Ac
368 1108 442 1148 pro
475 1092 670 1148 quolibet
703 1093 1051 1149 compurgatorio
1652 1095 1679 1150 ij
1697 1095 1737 1137 d.

272 1164 383 1205 Item
419 1178 493 1218 pro
525 1163 753 1205 exaccione
786 1163 895 1219 privi
930 1164 1183 1205 testamenti
1578 1165 1678 1220 xviij
1697 1165 1736 1207 d.

388 1234 502 1275 unde
536 1234 790 1288 regestrario
1607 1235 1680 1289 viij
1698 1235 1735 1276 d.

271 1304 386 1345 Item
418 1319 494 1359 pro
527 1304 722 1359 quolibet
757 1309 1022 1345 testamento
1055 1304 1369 1360 producend[o]
1608 1305 1678 1360 viij
1697 1304 1734 1345 d.

386 1374 500 1415 unde
533 1374 791 1430 regestrario
1617 1374 1676 1430 iiij
1695 1375 1733 1416 d.

272 1466 428 1507 Cetera
458 1467 581 1508 feoda
610 1482 868 1522 quecunque
895 1466 1176 1522 devidend[a]
1203 1472 1306 1508 sunt
1329 1467 1444 1508 inter

328 1536 515 1576 iudicem
539 1542 583 1576 et
605 1536 924 1590 regestrarium.
986 1550 1062 1591 per
1086 1535 1407 1576 Backehowsea.

269 1645 338 1686 pp.
375 1631 468 1681 170,
503 1629 583 1671 171
620 1630 803 1685 [blank]

333 1767 484 1808 Terras
518 1766 778 1808 Cuthbertib
809 1767 883 1822 qui
917 1782 1001 1808 non
1034 1767 1218 1822 spoliare
1252 1773 1457 1808 verentur

434 1851 526 1878 esse
557 1844 720 1893 queant
752 1837 859 1878 certi
891 1836 1006 1891 quod
1041 1843 1176 1877 morte
1210 1837 1324 1878 mala
1357 1838 1602 1879 morientur.

268 1917 385 1958 Jhon
416 1917 573 1972 Skyll0.
636 1918 824 1973 Francys
857 1917 1122 1972 Salparwyk.

270 1995 335 2038 Md
356 1997 469 2052 quod
493 1997 578 2053 xxij
605 1997 674 2038 die
700 1998 857 2038 mensis
888 1997 1160 2052 Septembris
1182 2012 1295 2038 anno
1318 1998 1483 2038 domini
1507 1998 1734 2039 millesimo

181 2067 532 2123 quingentesimo
564 2067 886 2123 septuagesimo
920 2067 1056 2122 primo
1097 2074 1153 2108 1n¹'
1190 2068 1375 2109 Ioannes
1408 2066 1542 2109 Daie¹¹
1572 2069 1730 2110 artium

183 2138 389 2192 magister
433 2137 571 2178 socius
619 2137 787 2191 collegii
838 2137 935 2177 Iesu
989 2137 1072 2178 fuit
1122 2137 1333 2178 admissus
1382 2153 1459 2193 per
1507 2138 1730 2179 dominum

181 2208 405 2250 officialem
443 2208 605 2249 domini
638 2208 940 2249 Archidiaconi
974 2208 1160 2250 Eliensis
1193 2210 1235 2249 in
1275 2216 1594 2264 procuratorem
1632 2225 1730 2251 con-

182 2278 339 2319 sistorii
370 2277 475 2318 dicti
499 2277 662 2318 domini
684 2277 989 2319 Archidiaconi
1013 2293 1110 2319 cum
1134 2279 1335 2320 omnibus
1357 2279 1572 2321 clausulis.

414 2365 525 2406 Cum
559 2365 726 2407 veneris
759 2365 907 2406 Romae
941 2365 1135 2406 Romano
1170 2366 1303 2408 vivito
1338 2382 1452 2409 more

413 2451 510 2476 cum
544 2436 710 2477 veneris
742 2435 845 2477 alibi
880 2436 1016 2477 vivito
1048 2451 1164 2477 more
1197 2437 1288 2479 loci.

268 2527 358 2568 The
383 2533 557 2582 exempt
580 2534 741 2568 townes
765 2528 872 2568 from
898 2533 953 2568 mr
974 2528 1279 2569 Archedeacon
1304 2528 1360 2584 by
1383 2529 1702 2584 compositione.

414 2608 686 2651 Baldesham.
1036 2610 1236 2651 Shclford
1271 2625 1438 2666 magna.

413 2678 597 2734 Dytton.
1033 2680 1293 2722 Teversham
1327 2697 1495 2737 magna.

414 2749 729 2805 Hornyngsaie.
1035 2750 1340 2806 Wyllingham.

414 2819 685 2862 Hardwicke.
1035 2820 1263 2877 Thryploe.

413 2888 633 2930 Gransden
668 2904 809 2946 perva.

1538 2978 1630 3007 11—-

1625 2979 1642 3008 tv
