1961 3202
790 201 1120 231 INDULGENCES
1708 192 1732 230 :3

173 303 441 346 Constitutio
494 312 818 358 procuratorum
876 307 933 344 vto
985 306 1054 346 die
1110 305 1269 347 mensis
1323 306 1424 347 Iulii
1478 320 1592 347 anno
1649 305 1719 346 (1ῆί

288 374 516 429 Mccclij(?)

173 442 227 482 M.
261 442 308 484 R.
344 443 552 483 Makrella
586 443 628 483 in
664 443 832 498 legibus
867 444 1116 484 licentiatus
1148 444 1381 484 constituit
1424 444 1479 485 M.
1514 443 1724 498 Every(.?)

287 518 332 552 et
376 512 518 552 Baker
556 521 853 567 procuratores
890 528 987 553 snos
1025 512 1291 553 coniunctim
1332 519 1376 553 et
1414 512 1586 553 divisim
1625 527 1719 552 011111

286 583 487 623 omnibus
514 583 713 630 cleric(.?)
743 599 840 624 cum
874 584 1078 637 clam[iis]
1112 583 1447 637 substinendfis]
1481 589 1524 623 et
1558 597 1721 623 reassu-

288 652 495 707 mend[is]
529 663 607 693 etc.

169 722 337 776 [upside
357 723 498 778 down]
522 724 671 765 Simon
697 724 875 765 Gilbard
900 723 1112 779 (Hyward
1132 726 1164 772 ,7)
1187 723 1240 764 de
1264 723 1520 765 Cotenliam.

45 864 81 903 p.
108 852 130 889 5
168 853 267 906 [All
304 853 468 894 crossed
505 854 694 908 ἰὴν-011911,
729 855 847 895 smack
888 855 1037 896 erased
1074 855 1162 895 (cml
1202 856 1431 904 uncertain,
1464 855 1548 897 late
1584 870 1635 896 rev
1672 855 1723 908 0.]

285 924 439 964 Iliesus
463 925 609 965 maria.
673 925 734 978 [in
760 926 852 965 iure
875 925 1005 972 civili,
1027 926 1114 965 mvii
1136 926 1184 979 0.]

258 994 442 1034 Hereses
467 995 695 1035 interime:
728 995 933 1035 scismata
963 1002 1011 1035 tu
1042 994 1242 1036 destrue:
1276 996 1400 1036 firma
1426 997 1542 1050 pacis
1565 996 1721 1036 federa.

170 1065 324 1103 Amen.

259 1131 411 1173 Notab.
475 1133 692 1184 Quoniam
737 1139 958 1188 repertum
998 1140 1063 1173 est
1105 1134 1150 1174 in
1188 1134 1369 1175 ecclesia
1408 1135 1578 1185 Sarum,
1609 1135 1725 1190 quod

168 1202 368 1243 omnibus
396 1202 642 1244 dicentibus
668 1203 731 1243 vel
764 1203 1046 1243 audientibus
1078 1219 1200 1244 nsum
1234 1204 1390 1245 Sarum
1419 1206 1493 1259 qui
1516 1205 1723 1246 adversus

168 1278 233 1313 est
271 1273 633 1314 consuetudinem
672 1279 817 1312 sancte
856 1273 1034 1313 ecclesie
1074 1273 1268 1314 Romane
1306 1281 1350 1315 et
1390 1276 1604 1323 similiter,
1643 1276 1724 1316 lar-

167 1343 350 1398 giuntur
379 1359 402 1383 a
428 1359 597 1384 summo
621 1343 837 1398 pontifice,
860 1343 1195 1399 archiepiscopis
1225 1351 1268 1384 et
1299 1345 1511 1400 episcopis
1541 1346 1725 1400 triginta

168 1427 241 1452 sex
264 1412 365 1452 anni
388 1424 413 1452 0
437 1413 478 1452 xl
502 1413 594 1453 dies
618 1412 753 1452 venie.
817 1412 1002 1463 Quando
1025 1412 1109 1452 ista
1133 1413 1408 1467 indulgentia
1432 1414 1514 1455 fuit
1537 1430 1721 1470 conque-

167 1482 251 1523 sita
282 1490 326 1524 et
359 1498 568 1532 concessa,
601 1498 748 1524 omnes
786 1483 1024 1523 cardinales
1063 1490 1106 1524 et
1142 1484 1227 1524 duo
1261 1485 1502 1539 patriarche
1540 1485 1723 1540 s[cilicet

167 1551 723 1608 Co]nstantinuspolitanus
756 1558 800 1593 ct
833 1553 1125 1593 Antiochinus
1157 1566 1182 1593 C
1217 1554 1291 1594 xlta
1323 1555 1513 1610 episcopi
1547 1556 1723 1596 fuerunt

169 1622 298 1663 simul
336 1623 378 1663 in
415 1623 636 1678 presentia
672 1623 865 1664 summi*
902 1624 1162 1678 congregati,
1202 1632 1250 1665 ut
1287 1625 1489 1666 scribitur
1522 1626 1564 1666 in
1604 1626 1724 1667 bulla

167 1698 272 1732 tunc
294 1694 502 1748 temporis
525 1708 732 1734 concessa.
797 1693 980 1734 Summa
1002 1693 1392 1748 indulgenciamm,
1410 1696 1652 1736 stacionum
1678 1702 1723 1736 et

167 1768 246 1802 cet.
265 1761 455 1802 sccundu
465 1777 503 1801 m
527 1762 838 1803 calculaciones
861 1762 1129 1816 singularum
1150 1763 1522 1817 indulgenciarum
1542 1765 1722 1805 <liversis

168 1828 357 1868 ecclesiis
384 1835 428 1869 et
453 1829 552 1869 locis
576 1844 651 1883 per
673 1829 904 1869 circuitum
928 1830 1170 1870 stacionum
1195 1846 1219 1870 a
1240 1831 1422 1871 summis
1445 1831 1723 1885 pontificibus

168 1913 463 1938 concessarum
489 1910 545 1938 XC
565 1899 670 1953 lxiiij
694 1897 737 1938 M¹
755 1899 900 1953 xxxvij
922 1900 1036 1947 anni,
1054 1905 1113 1939 V¹¹¹
1132 1900 1359 1955 cccclxxvij
1380 1901 1722 1955 quadragesime,

169 1969 269 2009 lxxx
313 1969 415 2015 (lies,
460 1969 663 2010 undecies
706 1970 901 2010 remissio
945 1970 1140 2010 omnium
1192 1977 1478 2025 peccatorum,
1522 1972 1722 2013 tredicies

168 2039 361 2079 remissio
395 2039 524 2080 tercie
558 2041 693 2094 partis
729 2040 989 2094 penitencie,
1015 2041 1149 2081 semel
1180 2042 1374 2081 remissio
1403 2047 1555 2096 quarte
1586 2043 1720 2096 partis

167 2110 426 2165 penitencie,
444 2110 574 2150 semel
594 2111 786 2151 remissio
804 2112 988 2165 septime
1007 2112 1141 2166 partis
1160 2112 1415 2166 penitencie,
1438 2112 1504 2153 bis
1528 2113 1721 2154 remissio

168 2194 244 2234 pro
274 2180 460 2233 peccatis
487 2179 646 2229 oblitis,
671 2180 780 2220 votis
806 2180 965 2230 fractis,
988 2180 1163 2221 offencis
1191 2188 1362 2235 patrum
1391 2187 1436 2222 et
1466 2188 1652 2222 matrum
1677 2188 1721 2222 et

169 2264 318 2290 omnes
348 2249 623 2305 indulgencie
653 2265 736 2304 que
769 2251 819 2291 a‹l
856 2256 1051 2291 sanctum
1088 2252 1292 2292 Iacobum
1327 2253 1368 2292 111
1403 2252 1601 2294 Galiciass.
1666 2253 1721 2293 Et

168 2319 398 2374 probatum
438 2326 502 2360 est
537 2320 650 2374 quod
685 2326 787 2361 sunt
819 2320 904 2361 duo
938 2321 1027 2361 loca
1060 2321 1101 2361 in
1137 2321 1294 2375 quibus
1327 2322 1562 2362 celebracio
1595 2323 1722 2363 misse

167 2389 324 2430 liberat
350 2404 478 2429 unam
502 2390 690 2429 animam
715 2405 740 2430 a
763 2390 1021 2445 purgatorio.
1086 2391 1142 2431 Et
1165 2391 1247 2432 alie
1272 2392 1408 2432 multe
1433 2392 1722 2433 misericordie

167 2467 211 2500 et
240 2460 517 2515 indulgencie
547 2474 631 2513 que
660 2461 879 2501 numerari
907 2475 990 2501 non
1016 2467 1208 2515 possunt,
1232 2468 1281 2502 ut
1311 2462 1417 2502 dicit
1448 2461 1722 2503 Bonifaciusd

167 2527 353 2585 [papaffi.
419 2529 475 2569 Et
506 2530 627 2569 novit
659 2529 771 2584 quod
806 2530 886 2570 iste
920 2530 1194 2584 indulgencie
1227 2531 1507 2586 duplicantur
1539 2531 1718 2586 quadra—

167 2598 342 2652 gesima.

256 2667 426 2708 hereses
448 2667 650 2708 interime
673 2668 875 2709 scismata
901 2676 944 2710 tu
969 2669 1022 2709 de

167 2787 336 2843 [upside
357 2789 495 2842 down]
539 2788 576 2830 O
598 2788 763 2830 utinam
789 2796 894 2831 tunc
916 2806 1012 2831 cum
1039 2791 1337 2834 Lacedemona
1359 2793 1491 2834 classe
1515 2793 1723 2847 petebat.“

44 2875 81 2915 p.
105 2861 130 2901 6
168 2858 331 2912 [blank]

350 2933 366 2947 ³⁶
393 2933 461 2964 add
478 2932 664 2975 pontificis,
802 2937 818 2976 ξ
842 2936 957 2967 erased
977 2946 1014 2967 as
1032 2938 1151 2979 mostly
1169 2937 1372 2976 throuyhout
1392 2937 1445 2967 the
1464 2938 1538 2967 MS.

1551 2992 1634 3023 1-2
