1961 3202
23 1219 135 1259 [xch

18 1273 86 1305 Iota
102 1284 163 1313 pro

19 1316 151 1350 {omino

24 1361 141 1393 Archi-

19 1404 157 1438 liacono.

24 2552 122 2610 3181

777 205 928 235 GREAT
960 205 1200 235 snuhronn
1683 195 1763 235 109

215 312 526 353 deterioratum
557 311 864 366 qualicumque
891 327 1003 361 cusu,
1028 311 1247 366 predictus
1276 310 1512 351 Nicholaus
1534 316 1578 350 et
1600 325 1764 350 succes-

215 398 329 423 sores
358 382 426 423 sui
455 382 561 423 illud
592 382 839 431 restituent,
862 390 1041 436 excepto
1072 382 1184 422 furto
1215 388 1259 422 et
1289 380 1510 422 incendio:
1554 381 1615 421 ita
1640 380 1766 435 quod,

215 452 249 493 si
279 467 354 507 per
383 452 497 507 ipsos
527 467 609 493 non
641 452 825 502 steterit,
847 466 932 506 quo
954 451 1087 492 cicius
1110 452 1321 500 furentur,
1344 466 1418 492 seu
1442 451 1766 499 comburantur,

218 523 281 563 vel
304 522 632 564 deteriorantur.
698 522 997 575 Habcnd[um]
1021 528 1064 562 et
1088 522 1366 576 teuend[uni]
1389 521 1529 562 eidem
1554 520 1765 562 Nicholao

217 598 260 632 ct
310 592 625 632 successoribus
674 591 762 632 suis
810 590 955 632 omnia
998 590 1203 645 predicta,
1247 591 1553 647 messuagium,
1596 598 1767 639 terram,

216 661 446 712 redditum,
471 671 659 717 pratum,
681 668 724 702 et
756 661 927 710 fuldam,
950 675 1048 701 cum
1079 661 1280 701 omnibus
1308 661 1589 715 pertinenciis
1612 661 1700 702 suis
1723 667 1767 702 et

215 732 358 772 omnia
390 737 645 772 ornamenta
676 731 789 772 dicte
823 731 986 785 capelle
1024 731 1373 785 imperpetuum:
1417 731 1633 772 reddendo
1666 731 1765 772 inde

214 801 442 842 annuatim
466 802 640 843 domino
671 801 985 842 Archidiaeono
1010 801 1185 850 Eliensi,
1209 801 1284 856 qui
1307 817 1382 856 pro
1407 808 1599 857 tempore
1624 802 1767 852 fuerit,

214 871 321 913 dnos
344 872 500 914 solidos
524 873 567 913 in
592 873 719 928 plena
746 872 918 928 synodo,
945 887 1018 926 pre
1045 872 1260 921 omnibus,
1282 888 1366 927 que
1393 873 1539 927 aliquo
1567 873 1691 914 medo
1713 873 1766 914 de

215 942 419 996 predictis
443 944 695 998 messuagio,
719 950 844 989 terra,
867 953 1002 997 prato,
1025 948 1070 983 et
1099 941 1271 983 redditu
1304 943 1420 998 exigi
1446 950 1628 996 possent,
1650 944 1767 984 salvo

214 1012 393 1053 servicio
419 1012 609 1067 predicto
630 1018 674 1053 et
707 1012 901 1067 predicta
922 1013 1122 1054 cantaria.
1183 1012 1408 1055 Predictus
1432 1029 1529 1054 vcro
1553 1014 1768 1055 Iohannes

215 1088 258 1121 et
282 1081 460 1123 heredes
477 1083 544 1123 sui
564 1082 920 1132 wzuantizabuiit,
937 1082 1184 1131 defendent,
1204 1088 1247 1123 et
1265 1083 1577 1138 acquietabunt
1600 1085 1767 1139 prefato

215 1149 426 1191 Nicholao
464 1157 508 1191 et
546 1151 862 1192 successoribus
900 1152 986 1192 suis
1024 1151 1169 1192 omniu
1206 1152 1399 1206 predicta
1435 1161 1583 1194 contra
1619 1168 1767 1195 omnes

216 1220 420 1269 homines,
442 1229 527 1261 tam
547 1220 820 1262 Christianos
837 1236 968 1276 quam
993 1221 1185 1270 Iudeosst,
1203 1223 1255 1263 de
1279 1222 1480 1263 omnibus
1502 1223 1768 1265 secularibus

214 1290 450 1340 deniandis,
476 1307 549 1345 per
571 1291 814 1346 predictum
837 1293 1066 1333 servicium
1087 1301 1131 1334 et
1149 1308 1226 1347 per
1244 1293 1479 1348 predictam
1504 1295 1742 1336 cantariam
1763 1311 1770 1347 3

214 1367 257 1401 et
280 1376 355 1416 per
379 1362 622 1416 predictum
646 1362 875 1403 servicium
900 1363 974 1418 ijs.
999 1363 1173 1404 domino
1198 1363 1512 1405 Archidiacono
1535 1365 1768 1420 solvend[i]

215 1431 548 1487 imperpetuum.
614 1432 826 1475 Concedit
856 1434 990 1475 ctiam
1014 1434 1129 1475 idem
1154 1434 1394 1476 Nicholaus
1425 1451 1499 1490 pro
1529 1452 1572 1478 se
1604 1444 1648 1478 et
1674 1453 1767 1478 sue-

214 1501 451 1542 cessoribus
487 1502 588 1552 suis,
622 1503 749 1558 quod,
784 1504 1032 1559 quicunque
1069 1520 1215 1545 eorum
1252 1504 1496 1555 decesserit,
1531 1507 1594 1547 vel
1631 1507 1766 1561 quali-

215 1587 384 1628 cunque
417 1587 546 1613 causa
578 1582 749 1614 amotus
782 1574 925 1624 fucrit,
952 1574 1066 1629 quod
1100 1590 1183 1615 non
1216 1575 1344 1617 liceat
1376 1576 1427 1625 ei,
1454 1576 1684 1632 quicquam
1714 1578 1768 1619 de

216 1641 343 1682 blado
377 1642 420 1682 in
452 1642 580 1683 dictis
615 1643 739 1684 terris
776 1644 1002 1693 seminato,
1035 1644 1101 1685 vel
1139 1644 1191 1685 de
1231 1645 1357 1686 blado
1395 1647 1439 1686 in
1476 1646 1605 1688 dictis
1645 1648 1768 1689 terris

216 1707 377 1757 habito,
401 1709 555 1765 legare,
580 1710 645 1750 vel
667 1725 877 1760 amovere,
900 1717 966 1751 set
993 1711 1226 1752 successori
1248 1727 1325 1752 suo
1348 1722 1580 1754 remaneat.
1635 1714 1690 1754 Et
1712 1714 1763 1755 ad

218 1778 294 1819 hec
317 1779 462 1820 omnia
484 1786 527 1820 et
550 1779 722 1835 singula
745 1781 787 1820 in
813 1782 948 1821 forma
975 1781 1169 1836 predicta
1192 1781 1389 1823 facienda
1412 1789 1456 1824 et
1478 1784 1768 1839 adimplenda,

216 1848 438 1888 subiciunt
460 1864 503 1889 sc
528 1857 614 1889 tam
640 1849 858 1904 predictus
881 1850 1194 1905 Iohannespro
1216 1866 1260 1891 sc
1284 1858 1329 1892 et
1351 1851 1582 1893 heredibus
1605 1860 1648 1893 et
1672 1869 1766 1894 suc-

216 1918 455 1959 cessoribus
485 1918 583 1969 suis,
607 1935 735 1974 quani
765 1920 984 1974 predictus
1012 1920 1250 1962 Nicholaus
1274 1937 1348 1975 pro
1371 1937 1414 1963 se
1438 1934 1482 1963 et
1503 1923 1767 1978 quibuscun-

215 2003 298 2043 que
323 1989 634 2030 successoribus
661 1989 748 2030 suis
778 1991 984 2044 potestati
1012 1990 1193 2045 predicti
1222 1991 1526 2033 Archidiaconi
1554 1993 1766 2045 Eliensis3

217 2057 331 2112 quod
363 2059 399 2098 si
436 2059 481 2098 in
519 2058 817 2100 observacione
852 2060 1093 2114 aliquorum
1133 2061 1479 2115 supradictorum
1520 2062 1769 2113 defecerint,

215 2127 329 2182 quod
360 2127 474 2168 idem
504 2128 848 2169 Archidiacenus
878 2129 1014 2184 possit
1045 2144 1115 2170 eos
1145 2131 1517 2172 excommunicare
1549 2132 1601 2173 de
1631 2133 1701 2175 die
1724 2133 1768 2174 in

215 2196 327 2237 diem
369 2197 458 2239 sine
497 2198 644 2253 aliqua.
680 2214 807 2240 cause
845 2199 1106 2255 cognicione,
1145 2207 1188 2240 et
1232 2201 1273 2240 in
1319 2203 1768 2245 excommunicacione

214 2266 422 2318 detinere,
454 2283 678 2324 quousque
711 2285 840 2324 super
878 2286 937 2319 co,
972 2271 1012 2310 in
1052 2285 1138 2325 quo
1170 2270 1462 2326 deliquerunt,
1495 2287 1637 2314 coram
1676 2274 1768 2329 ipso

216 2337 530 2378 Archidiacono
561 2340 1192 2394 competentersatisfecerint,
1230 2342 1563 2397 renuneiand[0]
1602 2343 1643 2384 in
1685 2344 1769 2386 hiis

215 2405 416 2447 omnibus
453 2414 497 2448 et
534 2407 728 2463 singulis
768 2423 841 2463 pro
879 2424 923 2450 sc
963 2409 1194 2450 heredibus
1232 2418 1275 2451 et
1311 2412 1630 2453 successoribus
1668 2415 1768 2464 suis,

215 2476 331 2515 omni
361 2475 465 2517 iuris
494 2477 655 2517 auxilio
684 2479 915 2533 canonic[i]
946 2488 988 2519 et
1018 2479 1187 2528 civilis¹,
1211 2479 1447 2534 privilegiis
1469 2497 1594 2522 cruce
1625 2483 1765 2539 signa-

215 2546 409 2600 tor[um],
452 2547 652 2588 erunibus
701 2548 850 2598 literis,
894 2549 1180 2604 indulgenciis
1223 2557 1266 2589 et
1309 2550 1547 2606 privilegiis
1595 2567 1620 2592 a
1668 2553 1767 2594 sede

214 2617 450 2672 apostoliea
492 2623 536 2658 et
577 2634 603 2659 a
639 2618 758 2659 curia
795 2619 908 2674 regis
947 2619 1194 2674 impetratis
1236 2626 1281 2660 et
1318 2620 1615 2675 impetrandis,
1653 2623 1766 2677 regie

216 2685 512 2741 prohibicioni‚
535 2693 579 2727 et
597 2687 714 2727 omni
737 2689 997 2742 excepciorii,
1020 2694 1064 2728 et
1083 2688 1333 2738 defensioni,
1357 2705 1440 2744 que
1464 2698 1640 2745 possent
1658 2693 1767 2733 edici

215 2762 366 2797 contra
389 2756 516 2797 istam
544 2759 890 2800 convencionem.
954 2758 1061 2799 Vult
1084 2759 1216 2800 etiam
1240 2760 1461 2815 predictus
1483 2761 1700 2803 Iohannes
1723 2770 1767 2804 et

215 2826 423 2867 concessit
446 2841 519 2881 pro
542 2844 586 2867 se
610 2834 653 2869 et
678 2828 910 2869 heredibus
933 2835 976 2869 et
998 2829 1315 2871 successoribus
1337 2831 1438 2879 suis,
1461 2831 1588 2885 quod,
1611 2832 1647 2872 si
1671 2847 1764 2886 pre-

215 2896 357 2938 dictus
380 2896 617 2939 Nicholaus
646 2898 709 2939 vel
734 2899 890 2953 aliquis
913 2913 1205 2940 suceessorum
1229 2915 1401 2940 suerum
1425 2900 1667 2951 decesserit,
1689 2917 1763 2943 seu

856 2982 862 3001 ¹
892 2984 966 3014 MS.
989 2982 1092 3014 civili.
