<?xml version="1.0" encoding="UTF-8"?>
<!DOCTYPE html PUBLIC "-//W3C//DTD XHTML 1.0 Transitional//EN"
    "http://www.w3.org/TR/xhtml1/DTD/xhtml1-transitional.dtd">
<html xmlns="http://www.w3.org/1999/xhtml" xml:lang="en" lang="en">
 <head>
  <title>
</title>
<meta http-equiv="Content-Type" content="text/html;charset=utf-8" />
  <meta name='ocr-system' content='tesseract 3.04.00' />
  <meta name='ocr-capabilities' content='ocr_page ocr_carea ocr_par ocr_line ocrx_word'/>
</head>
<body>
  <div class='ocr_page' id='page_1' title='image "./vetusliberarchid00churrich_0066.png"; bbox 0 0 1961 3202; ppageno 0'>
   <div class='ocr_carea' id='block_1_1' title="bbox 258 197 1271 242">
    <p class='ocr_par' dir='ltr' id='par_1_1' title="bbox 258 197 1271 242">
     <span class='ocr_line' id='line_1_1' title="bbox 258 197 1271 242; baseline 0.006 -6"><span class='ocrx_word' id='word_1_1' title='bbox 258 197 309 237; x_wconf 79' lang='lat'>12</span> <span class='ocrx_word' id='word_1_2' title='bbox 774 210 977 241; x_wconf 68' lang='lat' dir='ltr'>s&#39;rATUTA</span> <span class='ocrx_word' id='word_1_3' title='bbox 1008 211 1271 242; x_wconf 80' lang='lat' dir='ltr'>sYNonALiA</span> 
     </span>
    </p>
   </div>
   <div class='ocr_carea' id='block_1_2' title="bbox 251 312 1795 2582">
    <p class='ocr_par' dir='ltr' id='par_1_2' title="bbox 251 312 1795 2582">
     <span class='ocr_line' id='line_1_2' title="bbox 255 312 1790 371; baseline 0.003 -19"><span class='ocrx_word' id='word_1_4' title='bbox 255 312 383 353; x_wconf 82' lang='lat' dir='ltr'>nichil</span> <span class='ocrx_word' id='word_1_5' title='bbox 409 314 506 354; x_wconf 84' lang='lat' dir='ltr'>inde</span> <span class='ocrx_word' id='word_1_6' title='bbox 529 321 783 368; x_wconf 67' lang='lat' dir='ltr'>sperantesa.</span> <span class='ocrx_word' id='word_1_7' title='bbox 848 316 1074 357; x_wconf 87' lang='lat' dir='ltr'>Monemus</span> <span class='ocrx_word' id='word_1_8' title='bbox 1096 317 1230 357; x_wconf 87' lang='lat' dir='ltr'>eciam</span> <span class='ocrx_word' id='word_1_9' title='bbox 1254 316 1552 371; x_wconf 87' lang='lat' dir='ltr'>precipientes,</span> <span class='ocrx_word' id='word_1_10' title='bbox 1576 332 1627 358; x_wconf 89' lang='lat' dir='ltr'>ne</span> <span class='ocrx_word' id='word_1_11' title='bbox 1649 317 1790 358; x_wconf 83' lang='lat' dir='ltr'>clerici</span> 
     </span>
     <span class='ocr_line' id='line_1_3' title="bbox 253 383 1790 443; baseline 0.003 -22"><span class='ocrx_word' id='word_1_12' title='bbox 253 396 371 443; x_wconf 79' lang='lat' dir='ltr'>arma</span> <span class='ocrx_word' id='word_1_13' title='bbox 405 390 583 436; x_wconf 87' lang='lat' dir='ltr'>portent,</span> <span class='ocrx_word' id='word_1_14' title='bbox 615 392 679 424; x_wconf 85' lang='lat' dir='ltr'>set</span> <span class='ocrx_word' id='word_1_15' title='bbox 711 399 907 425; x_wconf 82' lang='lat' dir='ltr'>coronam</span> <span class='ocrx_word' id='word_1_16' title='bbox 943 391 985 425; x_wconf 87' lang='lat' dir='ltr'>et</span> <span class='ocrx_word' id='word_1_17' title='bbox 1018 383 1267 425; x_wconf 62' lang='lat' dir='ltr'>torisuraml&#39;</span> <span class='ocrx_word' id='word_1_18' title='bbox 1301 385 1486 425; x_wconf 82' lang='lat' dir='ltr'>habeant</span> <span class='ocrx_word' id='word_1_19' title='bbox 1524 387 1660 426; x_wconf 86' lang='lat' dir='ltr'>ordini</span> <span class='ocrx_word' id='word_1_20' title='bbox 1696 402 1790 426; x_wconf 89' lang='lat' dir='ltr'>con-</span> 
     </span>
     <span class='ocr_line' id='line_1_4' title="bbox 253 453 1792 508; baseline 0.003 -17"><span class='ocrx_word' id='word_1_21' title='bbox 253 458 480 505; x_wconf 83' lang='lat' dir='ltr'>gruentem</span> <span class='ocrx_word' id='word_1_22' title='bbox 514 461 556 492; x_wconf 88' lang='lat' dir='ltr'>et</span> <span class='ocrx_word' id='word_1_23' title='bbox 589 453 787 494; x_wconf 86' lang='lat' dir='ltr'>habitum</span> <span class='ocrx_word' id='word_1_24' title='bbox 821 455 1164 503; x_wconf 79' lang='lat' dir='ltr'>convenientem,</span> <span class='ocrx_word' id='word_1_25' title='bbox 1198 455 1367 508; x_wconf 67' lang='lat' dir='ltr'>calliyis</span> <span class='ocrx_word' id='word_1_26' title='bbox 1403 456 1619 497; x_wconf 68' lang='lat' dir='ltr'>scactatz&#39;sc</span> <span class='ocrx_word' id='word_1_27' title='bbox 1658 456 1792 497; x_wconf 72' lang='lat' dir='ltr'>rubeis</span> 
     </span>
     <span class='ocr_line' id='line_1_5' title="bbox 255 521 1792 579; baseline 0.004 -19"><span class='ocrx_word' id='word_1_28' title='bbox 255 521 366 574; x_wconf 51' lang='lat' dir='ltr'>affut]</span> <span class='ocrx_word' id='word_1_29' title='bbox 408 522 615 563; x_wconf 70' lang='lat' dir='ltr'>viridibus</span> <span class='ocrx_word' id='word_1_30' title='bbox 658 540 731 564; x_wconf 74' lang='lat' dir='ltr'>non</span> <span class='ocrx_word' id='word_1_31' title='bbox 781 525 1040 578; x_wconf 63' lang='lat' dir='ltr'>zctct[ntm·]*.</span> <span class='ocrx_word' id='word_1_32' title='bbox 1102 524 1353 565; x_wconf 72' lang='lat' dir='ltr'>Sacerdotes</span> <span class='ocrx_word' id='word_1_33' title='bbox 1396 540 1493 565; x_wconf 75' lang='lat' dir='ltr'>vero</span> <span class='ocrx_word' id='word_1_34' title='bbox 1531 525 1792 579; x_wconf 69' lang='lat' dir='ltr'>parochiales</span> 
     </span>
     <span class='ocr_line' id='line_1_6' title="bbox 253 591 1790 645; baseline 0.003 -15"><span class='ocrx_word' id='word_1_35' title='bbox 253 591 454 645; x_wconf 84' lang='lat' dir='ltr'>precipue</span> <span class='ocrx_word' id='word_1_36' title='bbox 477 592 678 633; x_wconf 80' lang='lat' dir='ltr'>incedant</span> <span class='ocrx_word' id='word_1_37' title='bbox 707 593 749 634; x_wconf 91' lang='lat' dir='ltr'>in</span> <span class='ocrx_word' id='word_1_38' title='bbox 781 594 932 635; x_wconf 85' lang='lat' dir='ltr'>habitu</span> <span class='ocrx_word' id='word_1_39' title='bbox 965 595 1143 634; x_wconf 80' lang='lat' dir='ltr'>honesto</span> <span class='ocrx_word' id='word_1_40' title='bbox 1172 600 1215 634; x_wconf 89' lang='lat' dir='ltr'>et</span> <span class='ocrx_word' id='word_1_41' title='bbox 1238 594 1408 635; x_wconf 89' lang='lat' dir='ltr'>decenti</span> <span class='ocrx_word' id='word_1_42' title='bbox 1438 602 1481 635; x_wconf 87' lang='lat' dir='ltr'>et</span> <span class='ocrx_word' id='word_1_43' title='bbox 1509 600 1631 635; x_wconf 76' lang='lat' dir='ltr'>tanto</span> <span class='ocrx_word' id='word_1_44' title='bbox 1653 595 1790 635; x_wconf 83' lang='lat' dir='ltr'>ordini</span> 
     </span>
     <span class='ocr_line' id='line_1_7' title="bbox 253 661 1792 718; baseline 0.003 -19"><span class='ocrx_word' id='word_1_45' title='bbox 253 661 536 702; x_wconf 86' lang='lat' dir='ltr'>convenienti.</span> <span class='ocrx_word' id='word_1_46' title='bbox 600 662 655 702; x_wconf 88' lang='lat' dir='ltr'>Et</span> <span class='ocrx_word' id='word_1_47' title='bbox 686 663 726 702; x_wconf 86' lang='lat' dir='ltr'>in</span> <span class='ocrx_word' id='word_1_48' title='bbox 758 663 915 703; x_wconf 90' lang='lat' dir='ltr'>divinis</span> <span class='ocrx_word' id='word_1_49' title='bbox 945 664 1093 704; x_wconf 81' lang='lat' dir='ltr'>officiis</span> <span class='ocrx_word' id='word_1_50' title='bbox 1124 664 1405 704; x_wconf 86' lang='lat' dir='ltr'>ministrando</span> <span class='ocrx_word' id='word_1_51' title='bbox 1438 670 1617 705; x_wconf 86' lang='lat' dir='ltr'>utantur</span> <span class='ocrx_word' id='word_1_52' title='bbox 1646 679 1792 718; x_wconf 87' lang='lat' dir='ltr'>super-</span> 
     </span>
     <span class='ocr_line' id='line_1_8' title="bbox 254 730 1792 788; baseline 0.003 -19"><span class='ocrx_word' id='word_1_53' title='bbox 254 730 443 784; x_wconf 80' lang='lat' dir='ltr'>pelliciis,</span> <span class='ocrx_word' id='word_1_54' title='bbox 462 732 524 771; x_wconf 89' lang='lat' dir='ltr'>vel</span> <span class='ocrx_word' id='word_1_55' title='bbox 549 732 690 772; x_wconf 85' lang='lat' dir='ltr'>saltim</span> <span class='ocrx_word' id='word_1_56' title='bbox 711 733 857 787; x_wconf 87' lang='lat' dir='ltr'>cappis</span> <span class='ocrx_word' id='word_1_57' title='bbox 880 732 1069 774; x_wconf 82' lang='lat' dir='ltr'>clausis‘¹.</span> <span class='ocrx_word' id='word_1_58' title='bbox 1123 733 1173 773; x_wconf 91' lang='lat' dir='ltr'>In</span> <span class='ocrx_word' id='word_1_59' title='bbox 1199 733 1381 788; x_wconf 85' lang='lat' dir='ltr'>singulis</span> <span class='ocrx_word' id='word_1_60' title='bbox 1399 747 1568 787; x_wconf 79' lang='lat' dir='ltr'>quoque</span> <span class='ocrx_word' id='word_1_61' title='bbox 1591 733 1792 781; x_wconf 86' lang='lat' dir='ltr'>ecclesiis,</span> 
     </span>
     <span class='ocr_line' id='line_1_9' title="bbox 253 799 1793 855; baseline 0.003 -18"><span class='ocrx_word' id='word_1_62' title='bbox 253 813 433 852; x_wconf 17' lang='lat' dir='ltr'>‹sluarurn</span> <span class='ocrx_word' id='word_1_63' title='bbox 454 799 680 841; x_wconf 71' lang='lat' dir='ltr'>facultates</span> <span class='ocrx_word' id='word_1_64' title='bbox 695 801 748 842; x_wconf 81' lang='lat' dir='ltr'>ad</span> <span class='ocrx_word' id='word_1_65' title='bbox 763 801 840 842; x_wconf 91' lang='lat' dir='ltr'>hoc</span> <span class='ocrx_word' id='word_1_66' title='bbox 856 801 1076 842; x_wconf 87' lang='lat' dir='ltr'>commode</span> <span class='ocrx_word' id='word_1_67' title='bbox 1091 801 1324 850; x_wconf 80' lang='lat' dir='ltr'>sufficiunt,</span> <span class='ocrx_word' id='word_1_68' title='bbox 1338 802 1424 841; x_wconf 82' lang='lat' dir='ltr'>sint</span> <span class='ocrx_word' id='word_1_69' title='bbox 1440 815 1550 841; x_wconf 85' lang='lat' dir='ltr'>unus</span> <span class='ocrx_word' id='word_1_70' title='bbox 1566 801 1793 855; x_wconf 75' lang='lat' dir='ltr'>dyaconus,</span> 
     </span>
     <span class='ocr_line' id='line_1_10' title="bbox 252 868 1791 918; baseline 0.001 -11"><span class='ocrx_word' id='word_1_71' title='bbox 252 874 296 907; x_wconf 85' lang='lat' dir='ltr'>et</span> <span class='ocrx_word' id='word_1_72' title='bbox 329 882 438 907; x_wconf 88' lang='lat' dir='ltr'>unus</span> <span class='ocrx_word' id='word_1_73' title='bbox 469 868 754 909; x_wconf 74' lang='lat' dir='ltr'>subdiaconus</span> <span class='ocrx_word' id='word_1_74' title='bbox 786 869 829 909; x_wconf 90' lang='lat' dir='ltr'>in</span> <span class='ocrx_word' id='word_1_75' title='bbox 863 870 923 910; x_wconf 87' lang='lat' dir='ltr'>eis</span> <span class='ocrx_word' id='word_1_76' title='bbox 955 869 1205 918; x_wconf 58' lang='lat' dir='ltr'>residentes</span> <span class='ocrx_word' id='word_1_77' title='bbox 1238 869 1325 909; x_wconf 87' lang='lat' dir='ltr'>sive</span> <span class='ocrx_word' id='word_1_78' title='bbox 1358 868 1711 909; x_wconf 77' lang='lat' dir='ltr'>administrantes</span> <span class='ocrx_word' id='word_1_79' title='bbox 1748 869 1791 909; x_wconf 90' lang='lat' dir='ltr'>in</span> 
     </span>
     <span class='ocr_line' id='line_1_11' title="bbox 252 935 1792 985; baseline 0.003 -10"><span class='ocrx_word' id='word_1_80' title='bbox 252 935 424 985; x_wconf 85' lang='lat' dir='ltr'>eisdem,</span> <span class='ocrx_word' id='word_1_81' title='bbox 447 944 496 976; x_wconf 92' lang='lat' dir='ltr'>ut</span> <span class='ocrx_word' id='word_1_82' title='bbox 517 937 649 978; x_wconf 91' lang='lat' dir='ltr'>decet.</span> <span class='ocrx_word' id='word_1_83' title='bbox 713 938 764 978; x_wconf 92' lang='lat' dir='ltr'>In</span> <span class='ocrx_word' id='word_1_84' title='bbox 788 939 883 979; x_wconf 87' lang='lat' dir='ltr'>aliis</span> <span class='ocrx_word' id='word_1_85' title='bbox 906 954 1003 979; x_wconf 89' lang='lat' dir='ltr'>vero</span> <span class='ocrx_word' id='word_1_86' title='bbox 1027 939 1215 979; x_wconf 83' lang='lat' dir='ltr'>ecclesiis</span> <span class='ocrx_word' id='word_1_87' title='bbox 1237 938 1379 979; x_wconf 88' lang='lat' dir='ltr'>saltim</span> <span class='ocrx_word' id='word_1_88' title='bbox 1405 939 1460 979; x_wconf 85' lang='lat' dir='ltr'>sit</span> <span class='ocrx_word' id='word_1_89' title='bbox 1482 954 1593 978; x_wconf 88' lang='lat' dir='ltr'>unus</span> <span class='ocrx_word' id='word_1_90' title='bbox 1616 939 1792 979; x_wconf 82' lang='lat' dir='ltr'>clericus</span> 
     </span>
     <span class='ocr_line' id='line_1_12' title="bbox 251 1005 1788 1061; baseline 0.002 -16"><span class='ocrx_word' id='word_1_91' title='bbox 251 1005 442 1059; x_wconf 78' lang='lat' dir='ltr'>ydoneus</span> <span class='ocrx_word' id='word_1_92' title='bbox 467 1013 510 1047; x_wconf 90' lang='lat' dir='ltr'>et</span> <span class='ocrx_word' id='word_1_93' title='bbox 539 1007 754 1056; x_wconf 71' lang='lat' dir='ltr'>honestus,</span> <span class='ocrx_word' id='word_1_94' title='bbox 778 1007 850 1061; x_wconf 71' lang='lat' dir='ltr'>qui</span> <span class='ocrx_word' id='word_1_95' title='bbox 881 1008 1090 1048; x_wconf 85' lang='lat' dir='ltr'>sacerdoti</span> <span class='ocrx_word' id='word_1_96' title='bbox 1123 1023 1219 1048; x_wconf 78' lang='grc'><strong>011111</strong></span> <span class='ocrx_word' id='word_1_97' title='bbox 1254 1007 1406 1048; x_wconf 87' lang='lat' dir='ltr'>habitu</span> <span class='ocrx_word' id='word_1_98' title='bbox 1441 1007 1715 1048; x_wconf 85' lang='lat' dir='ltr'>convenienti</span> <span class='ocrx_word' id='word_1_99' title='bbox 1748 1008 1788 1048; x_wconf 90' lang='lat' dir='ltr'>in</span> 
     </span>
     <span class='ocr_line' id='line_1_13' title="bbox 252 1075 1793 1132; baseline 0.001 -17"><span class='ocrx_word' id='word_1_100' title='bbox 252 1075 409 1116; x_wconf 88' lang='lat' dir='ltr'>divinis</span> <span class='ocrx_word' id='word_1_101' title='bbox 443 1076 591 1116; x_wconf 83' lang='lat' dir='ltr'>officiis</span> <span class='ocrx_word' id='word_1_102' title='bbox 623 1077 848 1117; x_wconf 87' lang='lat' dir='ltr'>ministret.</span> <span class='ocrx_word' id='word_1_103' title='bbox 912 1077 1178 1131; x_wconf 84' lang='lat' dir='ltr'>Precipimus</span> <span class='ocrx_word' id='word_1_104' title='bbox 1208 1076 1212 1132; x_wconf 85' lang='grc'>1</span> <span class='ocrx_word' id='word_1_105' title='bbox 1240 1077 1372 1117; x_wconf 87' lang='lat' dir='ltr'>eciam</span> <span class='ocrx_word' id='word_1_106' title='bbox 1407 1091 1576 1130; x_wconf 77' lang='lat' dir='ltr'>quoque</span> <span class='ocrx_word' id='word_1_107' title='bbox 1613 1077 1793 1117; x_wconf 84' lang='lat' dir='ltr'>firmiter</span> 
     </span>
     <span class='ocr_line' id='line_1_14' title="bbox 252 1145 1790 1201; baseline 0.001 -16"><span class='ocrx_word' id='word_1_108' title='bbox 252 1145 541 1201; x_wconf 83' lang='lat' dir='ltr'>iniungentes,</span> <span class='ocrx_word' id='word_1_109' title='bbox 593 1161 645 1186; x_wconf 91' lang='lat' dir='ltr'>ne</span> <span class='ocrx_word' id='word_1_110' title='bbox 704 1147 744 1186; x_wconf 90' lang='lat' dir='ltr'>in</span> <span class='ocrx_word' id='word_1_111' title='bbox 806 1146 907 1187; x_wconf 89' lang='lat' dir='ltr'>locis</span> <span class='ocrx_word' id='word_1_112' title='bbox 964 1146 1092 1186; x_wconf 88' lang='lat' dir='ltr'>sacris</span> <span class='ocrx_word' id='word_1_113' title='bbox 1145 1146 1385 1187; x_wconf 76' lang='lat' dir='ltr'>habeantur</span> <span class='ocrx_word' id='word_1_114' title='bbox 1443 1152 1641 1193; x_wconf 84' lang='lat' dir='ltr'>mercata,</span> <span class='ocrx_word' id='word_1_115' title='bbox 1695 1161 1790 1186; x_wconf 88' lang='lat' dir='ltr'>cum</span> 
     </span>
     <span class='ocr_line' id='line_1_15' title="bbox 252 1214 1793 1270; baseline 0 -15"><span class='ocrx_word' id='word_1_116' title='bbox 252 1215 465 1256; x_wconf 81' lang='lat' dir='ltr'>Dominus</span> <span class='ocrx_word' id='word_1_117' title='bbox 498 1222 690 1256; x_wconf 82' lang='lat' dir='ltr'>ementes</span> <span class='ocrx_word' id='word_1_118' title='bbox 722 1225 765 1255; x_wconf 86' lang='lat' dir='ltr'>et</span> <span class='ocrx_word' id='word_1_119' title='bbox 800 1215 1034 1256; x_wconf 88' lang='lat' dir='ltr'>vendentes</span> <span class='ocrx_word' id='word_1_120' title='bbox 1067 1216 1118 1256; x_wconf 87' lang='lat' dir='ltr'>de</span> <span class='ocrx_word' id='word_1_121' title='bbox 1151 1216 1313 1270; x_wconf 87' lang='lat' dir='ltr'>templo</span> <span class='ocrx_word' id='word_1_122' title='bbox 1344 1215 1528 1263; x_wconf 83' lang='lat' dir='ltr'>eiecerit,</span> <span class='ocrx_word' id='word_1_123' title='bbox 1559 1230 1611 1255; x_wconf 88' lang='lat' dir='ltr'>ne</span> <span class='ocrx_word' id='word_1_124' title='bbox 1641 1214 1793 1255; x_wconf 79' lang='lat' dir='ltr'>domus</span> 
     </span>
     <span class='ocr_line' id='line_1_16' title="bbox 252 1283 1795 1337; baseline -0.001 -13"><span class='ocrx_word' id='word_1_125' title='bbox 252 1284 457 1325; x_wconf 86' lang='lat' dir='ltr'>oracionis</span> <span class='ocrx_word' id='word_1_126' title='bbox 495 1284 570 1324; x_wconf 87' lang='lat' dir='ltr'>fiat</span> <span class='ocrx_word' id='word_1_127' title='bbox 607 1284 811 1337; x_wconf 87' lang='lat' dir='ltr'>spelunca</span> <span class='ocrx_word' id='word_1_128' title='bbox 849 1284 1062 1332; x_wconf 54' lang='lat' dir='ltr'>latronise,</span> <span class='ocrx_word' id='word_1_129' title='bbox 1101 1299 1177 1324; x_wconf 86' lang='lat' dir='ltr'>nec</span> <span class='ocrx_word' id='word_1_130' title='bbox 1214 1284 1349 1324; x_wconf 86' lang='lat' dir='ltr'>eciam</span> <span class='ocrx_word' id='word_1_131' title='bbox 1391 1283 1492 1331; x_wconf 82' lang='lat' dir='ltr'>ludi,</span> <span class='ocrx_word' id='word_1_132' title='bbox 1533 1284 1596 1323; x_wconf 87' lang='lat' dir='ltr'>vel</span> <span class='ocrx_word' id='word_1_133' title='bbox 1636 1283 1795 1337; x_wconf 85' lang='lat' dir='ltr'>placita</span> 
     </span>
     <span class='ocr_line' id='line_1_17' title="bbox 253 1352 1794 1408; baseline -0.001 -15"><span class='ocrx_word' id='word_1_134' title='bbox 253 1353 460 1394; x_wconf 76' lang='lat' dir='ltr'>secularia</span> <span class='ocrx_word' id='word_1_135' title='bbox 482 1361 525 1393; x_wconf 90' lang='lat' dir='ltr'>et</span> <span class='ocrx_word' id='word_1_136' title='bbox 547 1353 747 1401; x_wconf 81' lang='lat' dir='ltr'>maxime,</span> <span class='ocrx_word' id='word_1_137' title='bbox 762 1353 835 1393; x_wconf 84' lang='lat' dir='ltr'>ubi</span> <span class='ocrx_word' id='word_1_138' title='bbox 859 1352 911 1393; x_wconf 89' lang='lat' dir='ltr'>de</span> <span class='ocrx_word' id='word_1_139' title='bbox 934 1368 1062 1393; x_wconf 78' lang='lat' dir='ltr'>causa</span> <span class='ocrx_word' id='word_1_140' title='bbox 1080 1353 1303 1408; x_wconf 80' lang='lat' dir='ltr'>sanguinis</span> <span class='ocrx_word' id='word_1_141' title='bbox 1321 1353 1532 1407; x_wconf 75' lang='lat' dir='ltr'>agitatur:</span> <span class='ocrx_word' id='word_1_142' title='bbox 1558 1353 1794 1393; x_wconf 82' lang='lat' dir='ltr'>adicientes</span> 
     </span>
     <span class='ocr_line' id='line_1_18' title="bbox 253 1422 1793 1472; baseline -0.001 -9"><span class='ocrx_word' id='word_1_143' title='bbox 253 1423 386 1463; x_wconf 86' lang='lat' dir='ltr'>eciam</span> <span class='ocrx_word' id='word_1_144' title='bbox 421 1422 475 1463; x_wconf 88' lang='lat' dir='ltr'>ad</span> <span class='ocrx_word' id='word_1_145' title='bbox 513 1423 600 1471; x_wconf 85' lang='lat' dir='ltr'>hec,</span> <span class='ocrx_word' id='word_1_146' title='bbox 634 1429 680 1462; x_wconf 88' lang='lat' dir='ltr'>ut</span> <span class='ocrx_word' id='word_1_147' title='bbox 717 1422 929 1463; x_wconf 83' lang='lat' dir='ltr'>cimiteria</span> <span class='ocrx_word' id='word_1_148' title='bbox 965 1423 1053 1462; x_wconf 90' lang='lat' dir='ltr'>sint</span> <span class='ocrx_word' id='word_1_149' title='bbox 1091 1423 1198 1463; x_wconf 85' lang='lat' dir='ltr'>bene</span> <span class='ocrx_word' id='word_1_150' title='bbox 1231 1423 1387 1472; x_wconf 82' lang='lat' dir='ltr'>clausa,</span> <span class='ocrx_word' id='word_1_151' title='bbox 1419 1429 1463 1463; x_wconf 90' lang='lat' dir='ltr'>et</span> <span class='ocrx_word' id='word_1_152' title='bbox 1495 1429 1583 1462; x_wconf 86' lang='lat' dir='ltr'>tam</span> <span class='ocrx_word' id='word_1_153' title='bbox 1618 1422 1793 1463; x_wconf 81' lang='lat' dir='ltr'>ecclesie</span> 
     </span>
     <span class='ocr_line' id='line_1_19' title="bbox 253 1492 1792 1548; baseline -0.001 -14"><span class='ocrx_word' id='word_1_154' title='bbox 253 1508 381 1548; x_wconf 85' lang='lat' dir='ltr'>quam</span> <span class='ocrx_word' id='word_1_155' title='bbox 412 1493 562 1533; x_wconf 87' lang='lat' dir='ltr'>domus</span> <span class='ocrx_word' id='word_1_156' title='bbox 592 1492 643 1532; x_wconf 87' lang='lat' dir='ltr'>ad</span> <span class='ocrx_word' id='word_1_157' title='bbox 674 1507 745 1532; x_wconf 86' lang='lat' dir='ltr'>eas</span> <span class='ocrx_word' id='word_1_158' title='bbox 775 1493 1039 1546; x_wconf 84' lang='lat' dir='ltr'>pertinentes</span> <span class='ocrx_word' id='word_1_159' title='bbox 1069 1500 1365 1547; x_wconf 87' lang='lat' dir='ltr'>competent-er</span> <span class='ocrx_word' id='word_1_160' title='bbox 1391 1494 1626 1534; x_wconf 79' lang='lat' dir='ltr'>secundum</span> <span class='ocrx_word' id='word_1_161' title='bbox 1662 1493 1792 1533; x_wconf 86' lang='lat' dir='ltr'>eccle-</span> 
     </span>
     <span class='ocr_line' id='line_1_20' title="bbox 253 1560 1794 1613; baseline -0.001 -10"><span class='ocrx_word' id='word_1_162' title='bbox 253 1563 411 1603; x_wconf 89' lang='lat' dir='ltr'>siarum</span> <span class='ocrx_word' id='word_1_163' title='bbox 450 1561 676 1602; x_wconf 81' lang='lat' dir='ltr'>facultates</span> <span class='ocrx_word' id='word_1_164' title='bbox 719 1560 962 1613; x_wconf 83' lang='lat' dir='ltr'>edificate†.</span> <span class='ocrx_word' id='word_1_165' title='bbox 1026 1562 1139 1602; x_wconf 84' lang='lat' dir='ltr'>Item</span> <span class='ocrx_word' id='word_1_166' title='bbox 1179 1562 1355 1602; x_wconf 84' lang='lat' dir='ltr'>ecclesie</span> <span class='ocrx_word' id='word_1_167' title='bbox 1393 1562 1597 1603; x_wconf 88' lang='lat' dir='ltr'>decenter</span> <span class='ocrx_word' id='word_1_168' title='bbox 1633 1568 1794 1610; x_wconf 76' lang='lat' dir='ltr'>ornate,</span> 
     </span>
     <span class='ocr_line' id='line_1_21' title="bbox 255 1631 1791 1685; baseline 0 -14"><span class='ocrx_word' id='word_1_169' title='bbox 255 1640 342 1671; x_wconf 87' lang='lat' dir='ltr'>tam</span> <span class='ocrx_word' id='word_1_170' title='bbox 381 1631 422 1671; x_wconf 86' lang='lat' dir='ltr'>in</span> <span class='ocrx_word' id='word_1_171' title='bbox 462 1631 580 1671; x_wconf 88' lang='lat' dir='ltr'>libris</span> <span class='ocrx_word' id='word_1_172' title='bbox 617 1646 744 1684; x_wconf 82' lang='lat' dir='ltr'>quam</span> <span class='ocrx_word' id='word_1_173' title='bbox 785 1632 825 1670; x_wconf 88' lang='lat' dir='ltr'>in</span> <span class='ocrx_word' id='word_1_174' title='bbox 865 1631 974 1670; x_wconf 85' lang='lat' dir='ltr'>vasis</span> <span class='ocrx_word' id='word_1_175' title='bbox 1018 1631 1144 1671; x_wconf 80' lang='lat' dir='ltr'>sacris</span> <span class='ocrx_word' id='word_1_176' title='bbox 1187 1638 1229 1671; x_wconf 86' lang='lat' dir='ltr'>et</span> <span class='ocrx_word' id='word_1_177' title='bbox 1274 1631 1554 1679; x_wconf 71' lang='lat' dir='ltr'>vestimentis,</span> <span class='ocrx_word' id='word_1_178' title='bbox 1593 1639 1637 1672; x_wconf 81' lang='lat' dir='ltr'>et</span> <span class='ocrx_word' id='word_1_179' title='bbox 1679 1632 1791 1685; x_wconf 77' lang='lat' dir='ltr'>quod</span> 
     </span>
     <span class='ocr_line' id='line_1_22' title="bbox 255 1700 1794 1741; baseline 0 -1"><span class='ocrx_word' id='word_1_180' title='bbox 255 1706 507 1741; x_wconf 87' lang='lat' dir='ltr'>ornamenta</span> <span class='ocrx_word' id='word_1_181' title='bbox 535 1707 579 1740; x_wconf 85' lang='lat' dir='ltr'>et</span> <span class='ocrx_word' id='word_1_182' title='bbox 611 1715 708 1740; x_wconf 83' lang='lat' dir='ltr'>vasa</span> <span class='ocrx_word' id='word_1_183' title='bbox 735 1715 851 1740; x_wconf 80' lang='lat' dir='ltr'>sacra</span> <span class='ocrx_word' id='word_1_184' title='bbox 879 1700 966 1740; x_wconf 85' lang='lat' dir='ltr'>sint</span> <span class='ocrx_word' id='word_1_185' title='bbox 996 1700 1047 1740; x_wconf 84' lang='lat' dir='ltr'>de</span> <span class='ocrx_word' id='word_1_186' title='bbox 1075 1701 1271 1741; x_wconf 83' lang='lat' dir='ltr'>noctibus</span> <span class='ocrx_word' id='word_1_187' title='bbox 1303 1701 1383 1741; x_wconf 83' lang='lat' dir='ltr'>sub</span> <span class='ocrx_word' id='word_1_188' title='bbox 1414 1706 1510 1741; x_wconf 85' lang='lat' dir='ltr'>tuta</span> <span class='ocrx_word' id='word_1_189' title='bbox 1542 1706 1585 1741; x_wconf 87' lang='lat' dir='ltr'>et</span> <span class='ocrx_word' id='word_1_190' title='bbox 1614 1700 1794 1741; x_wconf 85' lang='lat' dir='ltr'>honesta</span> 
     </span>
     <span class='ocr_line' id='line_1_23' title="bbox 254 1770 1794 1825; baseline 0 -15"><span class='ocrx_word' id='word_1_191' title='bbox 254 1771 458 1819; x_wconf 80' lang='lat' dir='ltr'>custodia,</span> <span class='ocrx_word' id='word_1_192' title='bbox 496 1785 573 1810; x_wconf 90' lang='lat' dir='ltr'>nec</span> <span class='ocrx_word' id='word_1_193' title='bbox 617 1776 892 1824; x_wconf 79' lang='lat' dir='ltr'>reportentur</span> <span class='ocrx_word' id='word_1_194' title='bbox 935 1771 978 1810; x_wconf 90' lang='lat' dir='ltr'>in</span> <span class='ocrx_word' id='word_1_195' title='bbox 1019 1770 1219 1825; x_wconf 81' lang='lat' dir='ltr'>domibus</span> <span class='ocrx_word' id='word_1_196' title='bbox 1262 1771 1491 1825; x_wconf 83' lang='lat' dir='ltr'>laycorum,</span> <span class='ocrx_word' id='word_1_197' title='bbox 1534 1785 1673 1824; x_wconf 77' lang='lat' dir='ltr'>neque</span> <span class='ocrx_word' id='word_1_198' title='bbox 1716 1771 1794 1811; x_wconf 88' lang='lat' dir='ltr'>sub</span> 
     </span>
     <span class='ocr_line' id='line_1_24' title="bbox 255 1839 1794 1893; baseline -0.001 -12"><span class='ocrx_word' id='word_1_199' title='bbox 255 1856 399 1881; x_wconf 89' lang='lat' dir='ltr'>eorum</span> <span class='ocrx_word' id='word_1_200' title='bbox 430 1839 635 1887; x_wconf 83' lang='lat' dir='ltr'>custodia,</span> <span class='ocrx_word' id='word_1_201' title='bbox 661 1839 742 1879; x_wconf 90' lang='lat' dir='ltr'>nisi</span> <span class='ocrx_word' id='word_1_202' title='bbox 772 1840 1042 1879; x_wconf 73' lang='lat' dir='ltr'>racionabilis</span> <span class='ocrx_word' id='word_1_203' title='bbox 1071 1846 1114 1880; x_wconf 89' lang='lat' dir='ltr'>et</span> <span class='ocrx_word' id='word_1_204' title='bbox 1145 1840 1319 1880; x_wconf 80' lang='lat' dir='ltr'>evidens</span> <span class='ocrx_word' id='word_1_205' title='bbox 1347 1840 1401 1880; x_wconf 81' lang='lat' dir='ltr'>ad</span> <span class='ocrx_word' id='word_1_206' title='bbox 1431 1840 1508 1880; x_wconf 83' lang='lat' dir='ltr'>hoc</span> <span class='ocrx_word' id='word_1_207' title='bbox 1539 1840 1794 1893; x_wconf 59' lang='lat' dir='ltr'>compulerit</span> 
     </span>
     <span class='ocr_line' id='line_1_25' title="bbox 255 1909 1792 1964; baseline -0.001 -13"><span class='ocrx_word' id='word_1_208' title='bbox 255 1910 497 1951; x_wconf 85' lang='lat' dir='ltr'>necessitas.</span> <span class='ocrx_word' id='word_1_209' title='bbox 560 1909 825 1963; x_wconf 80' lang='lat' dir='ltr'>Precipnnus</span> <span class='ocrx_word' id='word_1_210' title='bbox 862 1909 1008 1956; x_wconf 83' lang='lat' dir='ltr'>eciam,</span> <span class='ocrx_word' id='word_1_211' title='bbox 1044 1920 1091 1949; x_wconf 86' lang='lat' dir='ltr'>ut</span> <span class='ocrx_word' id='word_1_212' title='bbox 1128 1909 1334 1957; x_wconf 84' lang='lat' dir='ltr'>redditus,</span> <span class='ocrx_word' id='word_1_213' title='bbox 1369 1909 1575 1964; x_wconf 72' lang='lat' dir='ltr'>assignati</span> <span class='ocrx_word' id='word_1_214' title='bbox 1614 1924 1688 1963; x_wconf 86' lang='lat' dir='ltr'>per</span> <span class='ocrx_word' id='word_1_215' title='bbox 1721 1909 1792 1950; x_wconf 92' lang='lat' dir='ltr'>de-</span> 
     </span>
     <span class='ocr_line' id='line_1_26' title="bbox 257 1978 1793 2032; baseline 0 -14"><span class='ocrx_word' id='word_1_216' title='bbox 257 1980 473 2020; x_wconf 81' lang='lat' dir='ltr'>vocionem</span> <span class='ocrx_word' id='word_1_217' title='bbox 513 1979 759 2019; x_wconf 87' lang='lat' dir='ltr'>clericorum</span> <span class='ocrx_word' id='word_1_218' title='bbox 796 1986 873 2018; x_wconf 86' lang='lat' dir='ltr'>aut</span> <span class='ocrx_word' id='word_1_219' title='bbox 906 1979 1123 2032; x_wconf 81' lang='lat' dir='ltr'>laycorum</span> <span class='ocrx_word' id='word_1_220' title='bbox 1158 1979 1207 2018; x_wconf 83' lang='lat' dir='ltr'>ad</span> <span class='ocrx_word' id='word_1_221' title='bbox 1244 1978 1475 2019; x_wconf 81' lang='lat' dir='ltr'>luminaria</span> <span class='ocrx_word' id='word_1_222' title='bbox 1508 1978 1573 2018; x_wconf 88' lang='lat' dir='ltr'>vel</span> <span class='ocrx_word' id='word_1_223' title='bbox 1605 1978 1656 2018; x_wconf 86' lang='lat' dir='ltr'>ad</span> <span class='ocrx_word' id='word_1_224' title='bbox 1690 1979 1793 2019; x_wconf 85' lang='lat' dir='ltr'>alios</span> 
     </span>
     <span class='ocr_line' id='line_1_27' title="bbox 256 2048 1793 2102; baseline -0.002 -12"><span class='ocrx_word' id='word_1_225' title='bbox 256 2065 358 2090; x_wconf 84' lang='lat' dir='ltr'>usus</span> <span class='ocrx_word' id='word_1_226' title='bbox 396 2050 596 2089; x_wconf 76' lang='lat' dir='ltr'>honestos</span> <span class='ocrx_word' id='word_1_227' title='bbox 632 2048 673 2088; x_wconf 90' lang='lat' dir='ltr'>in</span> <span class='ocrx_word' id='word_1_228' title='bbox 713 2048 817 2101; x_wconf 84' lang='lat' dir='ltr'>ipsis</span> <span class='ocrx_word' id='word_1_229' title='bbox 855 2048 1055 2097; x_wconf 86' lang='lat' dir='ltr'>ecclesiis,</span> <span class='ocrx_word' id='word_1_230' title='bbox 1093 2063 1177 2087; x_wconf 80' lang='lat' dir='ltr'>non</span> <span class='ocrx_word' id='word_1_231' title='bbox 1215 2054 1523 2088; x_wconf 86' lang='lat' dir='ltr'>convertantur</span> <span class='ocrx_word' id='word_1_232' title='bbox 1564 2062 1639 2102; x_wconf 86' lang='lat' dir='ltr'>per</span> <span class='ocrx_word' id='word_1_233' title='bbox 1680 2048 1793 2101; x_wconf 87' lang='lat' dir='ltr'>ipsos</span> 
     </span>
     <span class='ocr_line' id='line_1_28' title="bbox 256 2117 1792 2160; baseline -0.001 0"><span class='ocrx_word' id='word_1_234' title='bbox 256 2127 437 2160; x_wconf 87' lang='lat' dir='ltr'>rectores</span> <span class='ocrx_word' id='word_1_235' title='bbox 466 2119 529 2158; x_wconf 89' lang='lat' dir='ltr'>vcl</span> <span class='ocrx_word' id='word_1_236' title='bbox 562 2118 736 2158; x_wconf 79' lang='lat' dir='ltr'>vicarios</span> <span class='ocrx_word' id='word_1_237' title='bbox 765 2118 808 2158; x_wconf 88' lang='lat' dir='ltr'>in</span> <span class='ocrx_word' id='word_1_238' title='bbox 837 2133 938 2158; x_wconf 88' lang='lat' dir='ltr'>usus</span> <span class='ocrx_word' id='word_1_239' title='bbox 966 2118 1030 2158; x_wconf 84' lang='lat' dir='ltr'>vel</span> <span class='ocrx_word' id='word_1_240' title='bbox 1061 2118 1355 2158; x_wconf 62' lang='lat' dir='ltr'>emtdumenta</span> <span class='ocrx_word' id='word_1_241' title='bbox 1384 2117 1628 2157; x_wconf 86' lang='lat' dir='ltr'>eorundem.</span> <span class='ocrx_word' id='word_1_242' title='bbox 1692 2118 1792 2158; x_wconf 85' lang='lat' dir='ltr'>Fre-</span> 
     </span>
     <span class='ocr_line' id='line_1_29' title="bbox 256 2186 1793 2243; baseline -0.001 -16"><span class='ocrx_word' id='word_1_243' title='bbox 256 2188 407 2243; x_wconf 87' lang='lat' dir='ltr'>quenti</span> <span class='ocrx_word' id='word_1_244' title='bbox 425 2202 521 2227; x_wconf 86' lang='lat' dir='ltr'>vero</span> <span class='ocrx_word' id='word_1_245' title='bbox 539 2186 830 2240; x_wconf 82' lang='lat' dir='ltr'>predicacione</span> <span class='ocrx_word' id='word_1_246' title='bbox 848 2193 1202 2226; x_wconf 81' lang='lat' dir='ltr'>commoneantur</span> <span class='ocrx_word' id='word_1_247' title='bbox 1219 2186 1383 2226; x_wconf 80' lang='lat' dir='ltr'>subditi</span> <span class='ocrx_word' id='word_1_248' title='bbox 1403 2201 1476 2239; x_wconf 88' lang='lat' dir='ltr'>per</span> <span class='ocrx_word' id='word_1_249' title='bbox 1493 2201 1590 2226; x_wconf 80' lang='lat' dir='ltr'>suos</span> <span class='ocrx_word' id='word_1_250' title='bbox 1607 2187 1793 2240; x_wconf 81' lang='lat' dir='ltr'>prelatos</span> 
     </span>
     <span class='ocr_line' id='line_1_30' title="bbox 257 2255 1792 2309; baseline -0.001 -12"><span class='ocrx_word' id='word_1_251' title='bbox 257 2266 331 2297; x_wconf 82' lang='lat' dir='ltr'>aut</span> <span class='ocrx_word' id='word_1_252' title='bbox 361 2256 612 2303; x_wconf 79' lang='lat' dir='ltr'>sacerdotes,</span> <span class='ocrx_word' id='word_1_253' title='bbox 637 2271 686 2295; x_wconf 89' lang='grc'>110</span> <span class='ocrx_word' id='word_1_254' title='bbox 719 2262 875 2295; x_wconf 86' lang='lat' dir='ltr'>matres</span> <span class='ocrx_word' id='word_1_255' title='bbox 899 2255 965 2295; x_wconf 85' lang='lat' dir='ltr'>vel</span> <span class='ocrx_word' id='word_1_256' title='bbox 989 2255 1180 2295; x_wconf 86' lang='lat' dir='ltr'>nutrices</span> <span class='ocrx_word' id='word_1_257' title='bbox 1206 2255 1405 2309; x_wconf 84' lang='lat' dir='ltr'>parvulos</span> <span class='ocrx_word' id='word_1_258' title='bbox 1428 2270 1525 2295; x_wconf 87' lang='lat' dir='ltr'>suos</span> <span class='ocrx_word' id='word_1_259' title='bbox 1549 2256 1591 2294; x_wconf 92' lang='lat' dir='ltr'>in</span> <span class='ocrx_word' id='word_1_260' title='bbox 1616 2255 1792 2295; x_wconf 90' lang='lat' dir='ltr'>lectulos</span> 
     </span>
     <span class='ocr_line' id='line_1_31' title="bbox 257 2322 1791 2378; baseline -0.001 -14"><span class='ocrx_word' id='word_1_261' title='bbox 257 2340 353 2365; x_wconf 90' lang='lat' dir='ltr'>suos</span> <span class='ocrx_word' id='word_1_262' title='bbox 391 2325 513 2364; x_wconf 80' lang='lat' dir='ltr'>iuxta</span> <span class='ocrx_word' id='word_1_263' title='bbox 548 2339 590 2363; x_wconf 86' lang='lat' dir='ltr'>se</span> <span class='ocrx_word' id='word_1_264' title='bbox 626 2323 845 2371; x_wconf 87' lang='lat' dir='ltr'>collocent,</span> <span class='ocrx_word' id='word_1_265' title='bbox 879 2329 1052 2378; x_wconf 88' lang='lat' dir='ltr'>propter</span> <span class='ocrx_word' id='word_1_266' title='bbox 1091 2322 1291 2376; x_wconf 84' lang='lat' dir='ltr'>pericula,</span> <span class='ocrx_word' id='word_1_267' title='bbox 1327 2338 1410 2377; x_wconf 86' lang='lat' dir='ltr'>que</span> <span class='ocrx_word' id='word_1_268' title='bbox 1448 2323 1791 2376; x_wconf 85' lang='lat' dir='ltr'>frequentissime</span> 
     </span>
     <span class='ocr_line' id='line_1_32' title="bbox 258 2391 1794 2445; baseline -0.002 -12"><span class='ocrx_word' id='word_1_269' title='bbox 258 2393 357 2433; x_wconf 85' lang='lat' dir='ltr'>indo</span> <span class='ocrx_word' id='word_1_270' title='bbox 399 2392 623 2431; x_wconf 83' lang='lat' dir='ltr'>imminere</span> <span class='ocrx_word' id='word_1_271' title='bbox 667 2397 911 2432; x_wconf 86' lang='lat' dir='ltr'>noscuntur.</span> <span class='ocrx_word' id='word_1_272' title='bbox 981 2391 1263 2432; x_wconf 83' lang='lat' dir='ltr'>Clandestina</span> <span class='ocrx_word' id='word_1_273' title='bbox 1305 2406 1474 2445; x_wconf 80' lang='lat' dir='ltr'>quoquc</span> <span class='ocrx_word' id='word_1_274' title='bbox 1521 2392 1794 2431; x_wconf 82' lang='lat' dir='ltr'>matrimonia</span> 
     </span>
     <span class='ocr_line' id='line_1_33' title="bbox 257 2460 1793 2515; baseline 0 -15"><span class='ocrx_word' id='word_1_275' title='bbox 257 2461 493 2502; x_wconf 85' lang='lat' dir='ltr'>districtius</span> <span class='ocrx_word' id='word_1_276' title='bbox 510 2461 554 2500; x_wconf 92' lang='lat' dir='ltr'>in</span> <span class='ocrx_word' id='word_1_277' title='bbox 577 2461 763 2501; x_wconf 83' lang='lat' dir='ltr'>ecclesiis</span> <span class='ocrx_word' id='word_1_278' title='bbox 787 2461 1084 2515; x_wconf 84' lang='lat' dir='ltr'>sollempniter</span> <span class='ocrx_word' id='word_1_279' title='bbox 1105 2460 1412 2514; x_wconf 73' lang='lat' dir='ltr'>inllibeantur‡</span> <span class='ocrx_word' id='word_1_280' title='bbox 1428 2460 1622 2514; x_wconf 88' lang='lat' dir='ltr'>quolibet</span> <span class='ocrx_word' id='word_1_281' title='bbox 1639 2475 1793 2514; x_wconf 70' lang='lat' dir='ltr'>genere</span> 
     </span>
     <span class='ocr_line' id='line_1_34' title="bbox 257 2529 1790 2582; baseline -0.003 -11"><span class='ocrx_word' id='word_1_282' title='bbox 257 2529 511 2571; x_wconf 85' lang='lat' dir='ltr'>clandestini</span> <span class='ocrx_word' id='word_1_283' title='bbox 534 2530 807 2570; x_wconf 82' lang='lat' dir='ltr'>matrimonii.</span> <span class='ocrx_word' id='word_1_284' title='bbox 871 2529 1189 2570; x_wconf 76' lang='lat' dir='ltr'>Proliibeantur</span> <span class='ocrx_word' id='word_1_285' title='bbox 1217 2544 1386 2582; x_wconf 75' lang='lat' dir='ltr'>quoquc</span> <span class='ocrx_word' id='word_1_286' title='bbox 1410 2529 1763 2582; x_wconf 62' lang='lat' dir='ltr'>compotacfflnes,</span> <span class='ocrx_word' id='word_1_287' title='bbox 1788 2529 1790 2580; x_wconf 93' lang='grc'>1</span> 
     </span>
    </p>
   </div>
   <div class='ocr_carea' id='block_1_3' title="bbox 167 2597 1792 2653">
    <p class='ocr_par' dir='ltr' id='par_1_3' title="bbox 167 2597 1792 2653">
     <span class='ocr_line' id='line_1_35' title="bbox 167 2597 1792 2653; baseline 0 -17"><span class='ocrx_word' id='word_1_288' title='bbox 167 2604 215 2637; x_wconf 74' lang='grc'>;;”</span> <span class='ocrx_word' id='word_1_289' title='bbox 256 2616 338 2653; x_wconf 83' lang='lat' dir='ltr'>que</span> <span class='ocrx_word' id='word_1_290' title='bbox 367 2598 544 2652; x_wconf 74' lang='lat' dir='ltr'>Anglice</span> <span class='ocrx_word' id='word_1_291' title='bbox 577 2613 601 2638; x_wconf 80' lang='lat' dir='ltr'>a</span> <span class='ocrx_word' id='word_1_292' title='bbox 634 2598 761 2652; x_wconf 86' lang='lat' dir='ltr'>vulgo</span> <span class='ocrx_word' id='word_1_293' title='bbox 789 2599 992 2639; x_wconf 86' lang='lat' dir='ltr'>dicuntur</span> <span class='ocrx_word' id='word_1_294' title='bbox 1025 2597 1264 2638; x_wconf 73' lang='lat' dir='ltr'>scothalesf.</span> <span class='ocrx_word' id='word_1_295' title='bbox 1328 2597 1592 2651; x_wconf 87' lang='lat' dir='ltr'>Precipimus</span> <span class='ocrx_word' id='word_1_296' title='bbox 1623 2611 1792 2651; x_wconf 76' lang='lat' dir='ltr'>quoque</span> 
     </span>
    </p>
   </div>
   <div class='ocr_carea' id='block_1_4' title="bbox 257 2662 1794 2786">
    <p class='ocr_par' dir='ltr' id='par_1_4' title="bbox 257 2662 1794 2786">
     <span class='ocr_line' id='line_1_36' title="bbox 258 2662 1794 2718; baseline -0.003 -12"><span class='ocrx_word' id='word_1_297' title='bbox 258 2666 438 2706; x_wconf 89' lang='lat' dir='ltr'>firmiter</span> <span class='ocrx_word' id='word_1_298' title='bbox 460 2664 736 2718; x_wconf 77' lang='lat' dir='ltr'>iniungentes</span> <span class='ocrx_word' id='word_1_299' title='bbox 753 2665 1046 2705; x_wconf 82' lang='lat' dir='ltr'>sacerdotibus</span> <span class='ocrx_word' id='word_1_300' title='bbox 1070 2664 1396 2718; x_wconf 83' lang='lat' dir='ltr'>parochialibus,</span> <span class='ocrx_word' id='word_1_301' title='bbox 1415 2670 1463 2704; x_wconf 89' lang='lat' dir='ltr'>ut</span> <span class='ocrx_word' id='word_1_302' title='bbox 1481 2662 1674 2703; x_wconf 87' lang='lat' dir='ltr'>subditos</span> <span class='ocrx_word' id='word_1_303' title='bbox 1697 2677 1794 2703; x_wconf 88' lang='lat' dir='ltr'>suos</span> 
     </span>
     <span class='ocr_line' id='line_1_37' title="bbox 257 2732 1792 2786; baseline -0.003 -10"><span class='ocrx_word' id='word_1_304' title='bbox 257 2736 310 2776; x_wconf 87' lang='lat' dir='ltr'>ad</span> <span class='ocrx_word' id='word_1_305' title='bbox 336 2749 524 2776; x_wconf 85' lang='lat' dir='ltr'>annuam</span> <span class='ocrx_word' id='word_1_306' title='bbox 555 2733 846 2774; x_wconf 86' lang='lat' dir='ltr'>visitacionem</span> <span class='ocrx_word' id='word_1_307' title='bbox 873 2734 1062 2774; x_wconf 78' lang='lat' dir='ltr'>matricis</span> <span class='ocrx_word' id='word_1_308' title='bbox 1088 2734 1275 2783; x_wconf 84' lang='lat' dir='ltr'>ecclesie,</span> <span class='ocrx_word' id='word_1_309' title='bbox 1299 2739 1347 2773; x_wconf 91' lang='lat' dir='ltr'>ut</span> <span class='ocrx_word' id='word_1_310' title='bbox 1379 2733 1504 2772; x_wconf 84' lang='lat' dir='ltr'>moris</span> <span class='ocrx_word' id='word_1_311' title='bbox 1527 2746 1601 2786; x_wconf 90' lang='lat' dir='ltr'>per</span> <span class='ocrx_word' id='word_1_312' title='bbox 1624 2732 1792 2771; x_wconf 75' lang='lat' dir='ltr'>univer-</span> 
     </span>
    </p>
   </div>
   <div class='ocr_carea' id='block_1_5' title="bbox 539 2858 1456 2951">
    <p class='ocr_par' dir='ltr' id='par_1_5' title="bbox 539 2858 1456 2951">
     <span class='ocr_line' id='line_1_38' title="bbox 540 2858 1391 2889; baseline -0.001 -2"><span class='ocrx_word' id='word_1_313' title='bbox 540 2859 555 2872; x_wconf 55' lang='lat'>*</span> <span class='ocrx_word' id='word_1_314' title='bbox 586 2859 697 2887; x_wconf 76' lang='lat' dir='ltr'>Words</span> <span class='ocrx_word' id='word_1_315' title='bbox 714 2858 748 2887; x_wconf 72' lang='lat' dir='ltr'>in</span> <span class='ocrx_word' id='word_1_316' title='bbox 767 2859 878 2888; x_wconf 60' lang='lat' dir='ltr'>indies</span> <span class='ocrx_word' id='word_1_317' title='bbox 896 2869 953 2889; x_wconf 75' lang='lat' dir='ltr'>ure</span> <span class='ocrx_word' id='word_1_318' title='bbox 967 2860 1076 2889; x_wconf 74' lang='lat' dir='ltr'>added</span> <span class='ocrx_word' id='word_1_319' title='bbox 1096 2860 1129 2888; x_wconf 81' lang='lat' dir='ltr'>in</span> <span class='ocrx_word' id='word_1_320' title='bbox 1146 2859 1284 2888; x_wconf 67' lang='lat' dir='ltr'>another</span> <span class='ocrx_word' id='word_1_321' title='bbox 1303 2859 1391 2888; x_wconf 74' lang='lat' dir='ltr'>hand</span> 
     </span>
     <span class='ocr_line' id='line_1_39' title="bbox 539 2911 1456 2951; baseline 0 -9"><span class='ocrx_word' id='word_1_322' title='bbox 539 2913 556 2949; x_wconf 89' lang='lat'>†</span> <span class='ocrx_word' id='word_1_323' title='bbox 582 2913 656 2943; x_wconf 73' lang='lat' dir='ltr'>MS.</span> <span class='ocrx_word' id='word_1_324' title='bbox 675 2911 841 2943; x_wconf 77' lang='lat' dir='ltr'>edificare.</span> <span class='ocrx_word' id='word_1_325' title='bbox 1105 2916 1125 2951; x_wconf 63' lang='grc' dir='ltr'>ξε</span> <span class='ocrx_word' id='word_1_326' title='bbox 1149 2915 1224 2945; x_wconf 74' lang='lat' dir='ltr'>MS.</span> <span class='ocrx_word' id='word_1_327' title='bbox 1245 2912 1456 2943; x_wconf 82' lang='lat' dir='ltr'>inhibeatur.</span> 
     </span>
    </p>
   </div>
  </div>
 </body>
</html>
