1961 3202
677 199 858 229 BARTON
894 199 1113 229 DEANERY
1621 184 1674 226 97

210 372 223 395 ¹
255 371 345 413 add
366 372 436 421 E2,
459 378 504 413 et
528 377 704 413 taxatur
726 372 791 413 ad.
931 371 947 395 ‘3
978 387 1083 413 corr.
1101 371 1118 426 j
1146 371 1329 412 missale.
1469 370 1484 393 3
1515 369 1543 423 11
1571 382 1675 410 corr.

120 441 165 497 iij
205 443 293 483 aad
331 443 432 484 back
469 444 613 497 (tqctz'n.
791 443 807 466 4
840 458 946 484 corr.
986 442 1012 497 11
1058 443 1259 497 troparia.
1438 441 1454 464 ⁵
1485 454 1590 481 corr.
1634 437 1675 491 ij

119 512 135 535 ⁶
167 527 271 553 corr.
296 512 337 567 ij.
478 512 492 537 ⁷
525 528 630 554 corr.
655 512 681 566 ij
713 513 939 553 turribula.
1079 512 1094 535 S
1127 527 1232 553 corr.
1258 512 1299 567 ij.
1364 510 1452 552 add
1482 510 1548 559 B3,
1575 522 1672 549 cum

119 581 334 634 psalterio.
426 582 442 604 9
474 597 579 623 corr.
604 582 680 636 iiij.
786 582 818 605 ¹0
850 597 955 623 corr.
985 597 1019 622 v.
1130 581 1159 604 Π
1192 581 1280 622 (add
1306 581 1355 629 Ε,
1378 580 1405 635 ij
1431 579 1606 621 rochete
1628 578 1675 618 in

118 664 289 691 rasura.
384 650 415 674 ¹²
437 666 542 692 corr.
563 651 633 704 vij.
717 651 748 674 ¹3
772 650 860 691 add
882 650 946 698 3¹,
970 650 997 704 ij
1018 654 1142 699 (corr.
1163 650 1247 705 iiij)
1264 650 1418 691 calices
1436 651 1477 690 ‘in
1506 663 1673 690 rasura.

118 734 252 775 cappe
285 721 401 761 chori
436 722 489 762 de
523 723 634 762 dono
668 721 852 762 abbatis.
916 721 944 759 (l
970 721 1036 769 w,
1063 720 1079 775 j
1117 721 1169 761 de
1203 721 1315 761 dono
1347 721 1506 761 vicarii.
1541 734 1673 760 unum

119 789 310 831 ordinale
329 806 424 831 cum
447 791 704 844 martilogio.
750 791 835 831 duo
855 791 972 845 paria
986 791 1357 831 candelabrorum.
1402 791 1430 829 q
1447 791 1495 838 B,
1515 806 1538 830 v
1557 790 1676 844 paria

118 861 413 914 corporalium.
466 861 510 915 iij
538 860 750 902 frmitalia.
805 861 916 915 pixis
940 862 1132 902 eburnea
1153 862 1367 911 (eburnea
1388 861 1553 902 crossed
1576 865 1674 909 out).

119 929 158 984 xj
194 930 361 971 vexilla.
424 930 452 968 {l
478 931 547 980 D1,
575 931 591 985 j
629 930 902 985 portiforium
940 931 984 971 in
1019 930 1108 971 loco
1142 930 1340 971 missalis.
1402 929 1430 967 (l
1456 930 1507 978 E,
1541 944 1675 969 unum

120 1000 292 1041 missale
322 1000 484 1041 boumn
509 1001 562 1041 de
584 1000 697 1041 dono
727 1000 891 1040 domini
925 1000 1132 1041 Iohannis
1162 1000 1215 1041 de
1241 998 1486 1041 Woketonb
1514 999 1675 1040 vicarii.

120 1084 208 1110 una
244 1084 351 1124 capa
387 1069 506 1110 chori
543 1069 596 1110 de
629 1069 763 1110 serico
795 1069 949 1124 glauco
986 1084 1084 1110 611111
1123 1070 1294 1111 amicta.
1329 1075 1414 1110 tres
1447 1068 1544 1110 albe
1577 1083 1676 1109 cum

117 1138 289 1180 amictis
306 1144 351 1180 et
369 1139 491 1180 stolis
509 1145 553 1180 et
573 1138 809 1194 manipulis
831 1145 876 1180 et
904 1139 988 1179 due
1012 1154 1128 1180 zone.
1154 1154 1291 1180 unum
1316 1138 1545 1194 corporale.
1590 1138 1677 1178 duo

118 1208 270 1249 tuallie
293 1223 390 1249 cum
412 1223 498 1249 uno
518 1208 790 1262 manitergio.
846 1223 979 1249 unum
1000 1208 1357 1264 antiphonarium
1376 1223 1472 1249 cum
1495 1207 1679 1262 legenda

118 1277 312 1319 eiusdem
358 1278 599 1318 voluminis.
651 1293 785 1318 111111111
830 1278 1107 1333 portiforium
1154 1278 1268 1334 quod
1314 1278 1397 1319 fuit
1440 1277 1678 1333 principale

119 1348 281 1388 domini
327 1348 549 1403 Radulphi
598 1349 809 1403 capellani
862 1349 914 1389 de
965 1349 1077 1389 dono
1121 1348 1316 1389 eiusdem
1361 1348 1468 1397 «TE,
1511 1348 1677 1389 domini

119 1418 328 1459 Iohannis
353 1419 513 1460 vicarii.
578 1419 691 1460 idem
715 1419 897 1460 vicarius
922 1419 1044 1460 dedit
1069 1420 1195 1460 altari
1219 1420 1348 1460 beate
1374 1419 1509 1459 Marie
1540 1434 1674 1459 unum

120 1489 224 1542 [last
247 1489 333 1530 line
355 1495 422 1530 cut
446 1490 602 1544 ‹tway].

208 1558 367 1600 Added
390 1574 439 1599 O‘n
461 1574 502 1614 p.
528 1561 596 1600 95.

209 1629 322 1669 Item
353 1628 475 1669 dedit
505 1629 680 1670 domino
710 1629 898 1670 Iohanni
932 1630 1146 1671 Malerbe⁰
1171 1631 1187 1685 1
1222 1631 1477 1686 psalterium
1510 1631 1562 1671 ad
1594 1638 1677 1671 ter—

120 1699 286 1739 minum
317 1699 407 1739 vite
436 1714 512 1740 sue
541 1705 585 1740 et
614 1706 709 1754 post
732 1699 957 1740 decessum
981 1715 1109 1741 suum
1134 1707 1311 1742 maneat
1337 1701 1528 1755 predicto
1551 1700 1678 1741 altari

120 1770 246 1810 beate
281 1769 418 1810 Marie
453 1784 529 1824 pro
563 1770 798 1825 capellanis
831 1770 992 1811 ibidem
1029 1771 1361 1812 celebrantibus.
1417 1771 1523 1812 item
1557 1771 1679 1812 dedit

122 1838 308 1879 Iohanni
347 1837 505 1879 Loveld
547 1839 770 1894 capellano
814 1840 866 1880 ad
911 1840 1149 1881 terminum
1194 1841 1283 1882 vite
1326 1856 1401 1881 sue
1433 1841 1451 1895 1
1496 1856 1676 1896 parvum

123 1908 307 1958 missale,
333 1908 350 1963 j
384 1908 696 1949 vestimentum
724 1909 923 1964 albu1n‚j
957 1911 1188 1965 corporale,
1217 1911 1244 1965 11
1282 1911 1436 1951 tuallia
1465 1926 1562 1951 cum
1594 1925 1679 1951 uno

124 1977 399 2031 manutergio
438 1977 525 2032 etj
569 1977 744 2018 calicem
784 1992 881 2018 cum
927 1979 1050 2034 nigro
1088 1980 1354 2035 coopertorio
1392 1986 1436 2020 et
1474 1985 1568 2034 post
1606 1979 1678 2020 de-

121 2063 289 2089 cessum
325 2047 429 2088 dicti
466 2047 676 2089 Iohannis
712 2048 843 2089 Lovel
882 2056 1057 2090 maneat
1093 2050 1270 2090 ecclesie
1310 2050 1361 2090 de
1404 2049 1679 2104 Haslingfeld

123 2118 176 2159 ad
199 2117 430 2159 servicium
454 2118 604 2159 altaris
626 2118 729 2171 (last
752 2118 837 2160 line
859 2125 927 2160 cut
949 2122 1102 2173 (ozvays).

209 2187 237 2226 q]
253 2188 315 2240 (in
340 2188 546 2242 maryffle,
563 2203 607 2243 p.
632 2189 707 2240 94)
729 2187 776 2236 F,
799 2188 906 2229 item
931 2188 1093 2229 bonum
1122 2190 1437 2230 vestimentum
1455 2190 1677 2245 integrum

123 2274 221 2300 cum
255 2266 348 2299 toto
377 2266 589 2313 apparatu
622 2258 674 2300 de
707 2259 878 2300 vclveto
911 2259 1054 2299 blodio
1084 2259 1136 2299 de
1165 2260 1276 2299 dono
1308 2260 1501 2301 Iohanne
1532 2260 1681 2301 relicte

128 2329 307 2371 Walteri
342 2329 502 2370 Nevee.

217 2992 338 3023 C.A.S.
361 2994 486 3025 Octavo
505 2994 625 3025 Series.
674 2994 737 3024 No.
757 2994 925 3026 XLVIII.
1578 2998 1596 3029 7
