1961 3202
80 456 117 495 p.
143 443 223 481 186

127 1169 226 1199 litera

99 1212 249 1251 compul-

115 1266 236 1287 slonls.

88 1864 187 1896 litera
205 1864 259 1896 ab-

79 1909 276 1941 solutionis.

319 186 398 225 172
837 186 1084 226 OFFICIAL‘S
1117 195 1310 225 LETTERs

312 313 392 338 non
422 313 553 352 posse,
591 298 633 338 in
668 298 856 340 ecclesiis
898 307 990 348 etc.‚
1030 300 1261 354 puplicetis
1295 305 1339 340 et
1380 299 1545 339 faciatis
1588 312 1661 352 per
1703 297 1844 351 al[ios]

312 366 532 421 puplicari.
594 367 759 408 Datum
792 374 869 409 etc.

400 446 624 487 Universis
644 453 791 487 sancte
815 447 963 488 matris
985 447 1160 488 ecclesie
1184 453 1402 501 presentes
1421 447 1565 487 literas
1589 444 1845 500 inspecturis

315 516 506 556 officialis
533 515 831 557 Archidiaconi
859 517 1041 558 Eliensis
1070 518 1251 558 salutem
1285 517 1327 557 in
1360 518 1523 557 Autore
1553 515 1714 556 salutis.
1777 513 1843 554 Ad

314 585 515 625 noticiam
548 590 732 625 vestram
764 585 1014 626 deducimus
1045 601 1119 640 per
1148 593 1369 639 presentes
1395 584 1617 625 dominum
1640 582 1843 624 vicarium

312 660 572 708 perpetuum
602 653 807 694 vicarium
837 654 889 695 de
922 654 1168 708 Madingley
1193 653 1374 694 liberum
1407 654 1492 694 fore
1523 660 1566 694 et
1593 652 1847 705 legitimum,

313 721 421 762 bone
455 722 541 762 vite
573 728 617 763 et
648 722 987 763 conversacionis
1021 722 1211 770 honeste,
1242 737 1324 763 nou
1361 737 1628 776 suspensum,
1661 736 1742 762 non
1776 736 1847 761 ex-

313 793 690 841 communicatum,
714 806 789 832 nec
821 792 972 846 quovis
1000 791 1084 832 alio
1113 792 1291 832 crimine
1320 792 1431 846 quod
1461 792 1594 832 scitur
1617 791 1846 831 irretitum.

314 860 357 900 in
379 861 502 901 cuius
523 861 584 901 rei
607 861 906 901 testimonium
932 868 1009 901 etc.

401 941 604 982 Officialis
632 941 795 982 domini
825 948 904 983 etc.
967 941 1076 984 Cum
1101 956 1177 982 nos
1199 942 1241 982 in
1273 956 1401 982 causa
1428 939 1745 987 matrimoniali,
1765 953 1848 992 que

311 1026 448 1051 coram
479 1011 602 1052 nobis
634 1012 825 1060 vertitur,
847 1012 958 1052 inter
990 1011 1043 1052 N.
1067 1011 1118 1052 de
1149 1012 1194 1052 T.
1219 1017 1385 1066 partem
1416 1011 1617 1052 actricem
1647 1025 1698 1051 ex
1728 1015 1848 1064 parte

312 1095 408 1128 una,
434 1087 478 1121 et
510 1081 553 1122 P.
576 1080 628 1121 de
658 1080 703 1122 C.
735 1087 901 1135 partem
934 1096 1048 1122 ream
1080 1097 1129 1122 ex
1160 1081 1308 1130 altera,
1337 1081 1529 1136 legitime
1559 1080 1849 1135 procedentes,

310 1149 645 1203 compulsionem
670 1149 875 1190 Iohannis
900 1150 949 1191 N.
973 1150 1051 1203 [et]
1077 1150 1130 1197 P.⁷
1147 1151 1324 1190 testium
1348 1149 1391 1190 in
1415 1164 1542 1190 causa
1571 1149 1775 1204 predicta,
1800 1152 1848 1188 ut

311 1219 479 1266 dicitur,
507 1221 838 1260 necessariorum
874 1220 986 1260 facta
1020 1220 1219 1274 primitus
1253 1219 1345 1269 fide,
1376 1219 1428 1260 de
1462 1221 1648 1274 ipsorum
1684 1223 1848 1272 rogatu,

310 1288 355 1328 in
378 1289 511 1328 forma
527 1288 631 1328 iuris
652 1290 995 1337 concesserimus,
1014 1289 1185 1329 iusticia
1206 1288 1420 1344 exigente,
1443 1288 1559 1328 vobis
1583 1287 1849 1333 mandamus,

312 1358 515 1412 quatinus
544 1357 697 1406 citetis,
719 1372 792 1397 seu
824 1358 947 1398 citari
977 1358 1142 1398 faciatis
1169 1359 1355 1411 prefatos
1388 1357 1624 1398 Iohannem
1648 1356 1702 1397 N.
1726 1362 1769 1396 et
1796 1355 1850 1403 P„

312 1427 424 1482 quod
454 1434 726 1482 compareant
756 1427 800 1467 in
830 1427 1007 1468 ecclesia
1035 1427 1086 1468 de
1110 1428 1168 1476 Τ.,
1190 1427 1259 1468 die
1289 1427 1460 1468 sabbati
1490 1426 1734 1481 prox[ima],
1758 1431 1852 1479 post

312 1497 468 1538 festum
507 1497 643 1537 sancti
686 1497 815 1545 Petri,
854 1497 1151 1537 testimonium
1197 1496 1372 1537 veritati
1414 1497 1457 1536 in
1502 1511 1551 1536 ea
1592 1502 1715 1550 parte
1759 1509 1851 1550 per-

312 1568 535 1616 hibituros,
559 1569 742 1608 facturos
772 1567 954 1608 ulterius
984 1573 1027 1607 et
1058 1567 1342 1621 receptur[os]
1373 1566 1485 1621 quod
1517 1566 1600 1607 erit
1623 1566 1783 1606 iustum
1808 1572 1852 1605 et

313 1637 425 1692 quod
449 1637 633 1678 feceritis
657 1643 734 1678 etc.
798 1637 961 1677 Datum
985 1643 1063 1678 etc,

399 1723 622 1764 Universis
645 1730 791 1764 sancte
815 1724 963 1764 matris
981 1724 1157 1764 ecclesie
1176 1724 1275 1763 filiis
1291 1724 1345 1764 ad
1364 1738 1469 1778 quos
1488 1730 1709 1777 presentes
1728 1722 1851 1762 litere

313 1794 585 1847 pervenerint
617 1793 806 1834 officialis
838 1794 1001 1834 domini
1035 1793 1338 1837 Archidiaconi
1372 1793 1556 1834 Eliensis
1590 1792 1773 1833 salutem
1808 1792 1852 1832 in

314 1859 500 1899 Domino
541 1861 861 1914 sempiternam.
924 1859 991 1899 Ad
1030 1859 1233 1899 noticiam
1274 1865 1458 1899 vestram
1493 1858 1745 1899 deducimus
1780 1872 1854 1912 per

314 1934 532 1982 presentes
569 1928 791 1969 dominum
836 1929 867 1968 I.
910 1928 963 1969 de
1001 1928 1045 1969 T.
1091 1928 1313 1981 Elien[sis]
1356 1928 1572 1982 dioc[esis]
1615 1928 1747 1968 tercio
1784 1927 1852 1967 dic

314 1997 486 2052 Aprilis,
518 1998 735 2038 occasione
773 2012 847 2038 sue
882 1997 1222 2038 contumacionis
1260 1997 1370 2037 infra
1405 1996 1747 2037 iurisdiccionem
1781 2010 1855 2050 per

315 2081 412 2106 eum
445 2081 585 2107 coram
619 2066 740 2107 nobis
772 2072 1004 2115 contracte,
1034 2081 1109 2120 per
1140 2081 1216 2107 nos
1249 2066 1440 2120 legitime
1473 2065 1751 2120 procedentes
1784 2080 1854 2105 ex-

316 2136 719 2189 communicat[um]
767 2136 907 2185 fuisse,
950 2136 1187 2190 eodemque
1239 2135 1330 2190 ipso
1383 2151 1406 2175 a
1458 2135 1581 2175 nobis
1632 2134 1855 2174 humiliter

316 2204 627 2245 absolutionem
658 2211 848 2259 petente,
874 2205 1135 2259 penitencial
1165 2220 1240 2260 pro
1270 2205 1462 2259 predicta
1490 2205 1759 2244 contumacia
1781 2218 1857 2258 per

319 2287 393 2313 nos
421 2273 597 2313 salutari
627 2273 708 2314 sibi
738 2274 855 2328 prius
887 2274 1093 2321 iniuncta,
1120 2273 1345 2326 eunde[m]
1376 2274 1403 2313 l.
1431 2288 1455 2312 a
1488 2272 1604 2313 dicta
1636 2271 1856 2313 sentencia

319 2333 579 2382 absolvimus
601 2342 643 2382 in
668 2343 803 2382 forma
825 2342 940 2383 iuris.
1005 2342 1169 2382 Datum
1193 2349 1272 2382 etc.

409 2428 612 2468 Officialis
634 2429 937 2469 Archidiaconi
970 2428 1153 2469 Eliensis
1176 2435 1252 2468 etc.
1315 2426 1424 2469 Cum
1449 2442 1524 2467 nos
1548 2426 1783 2467 Iohannem
1803 2426 1856 2467 de

321 2497 365 2537 T.
408 2512 433 2536 a
473 2498 695 2537 sentencia
736 2497 1195 2539 excommunicacionis
1237 2496 1409 2537 maloris
1451 2511 1527 2550 per
1569 2511 1643 2536 nos
1684 2496 1769 2537 late
1812 2496 1857 2536 in

322 2580 544 2621 personam
587 2566 776 2607 eiusdem
821 2582 895 2621 pro
937 2567 1026 2607 suis
1069 2566 1306 2621 manifestis
1348 2565 1521 2606 offensis
1557 2580 1697 2606 coram
1735 2565 1857 2607 nobis

324 2635 551 2675 contractis
583 2634 891 2676 absolverimus
923 2637 966 2676 in
999 2636 1133 2676 forma
1164 2636 1279 2685 iuris,
1312 2634 1430 2674 vobis
1462 2633 1728 2682 mandamus,
1754 2649 1857 2688 qua-

326 2705 443 2745 tinus
465 2705 630 2745 dictum
654 2704 686 2745 I.
710 2705 768 2745 sic
797 2720 873 2759 per
900 2721 975 2746 nos
1005 2705 1135 2745 fuisse
1158 2711 1202 2745 et
1230 2719 1319 2745 esse
1342 2704 1592 2745 absolutum
1616 2703 1658 2743 in
1682 2703 1858 2744 ecclesia

326 2773 518 2828 predicta
558 2773 837 2822 denuncietis,
874 2788 947 2814 seu
992 2774 1241 2814 denunciari
1285 2772 1459 2821 faciatis,
1497 2771 1741 2826 ubicunque
1785 2787 1859 2826 per

326 2847 492 2896 partem
512 2841 640 2895 [eius]
662 2856 847 2897 congrue
871 2843 1037 2882 fueritis
1061 2841 1267 2897 requisiti.
1331 2842 1494 2882 Datum
1518 2846 1597 2881 etc.

903 2937 910 2955 ¹
938 2938 1009 2969 MS.
1031 2938 1277 2978 penitenciam.
