1961 3202
12 286 92 328 139

0 1622 94 1673 ¹140

638 191 746 220 FEEs
779 190 866 220 Fon
900 190 1101 220 raovmc
1135 190 1271 220 WILLs
1650 175 1728 215 161

269 294 407 348 [xvc]
440 294 561 336 Adeo
591 294 860 350 quorundam
891 302 968 335 etc.
1032 294 1283 334 Statuimus
1307 298 1355 334 ut
1378 308 1453 348 pro
1477 290 1731 347 probacione

182 363 247 404 vel
297 363 592 405 insinuaeione
643 370 1005 405 testamentorum
1057 377 1428 418 quorumcumque
1480 360 1611 401 nichil
1658 374 1733 414 per

181 433 399 488 episcopos
441 449 516 475 seu
561 434 665 475 alios
701 433 937 475 ordinarios
975 434 1172 488 capiatur
1209 432 1408 483 omnin03
1451 446 1527 487 per
1558 430 1732 471 clericos

181 509 327 542 tamen
350 502 587 543 scribentes
610 502 949 543 insinuacionem
977 501 1223 542 huiusmodi
1244 501 1280 556 vj
1300 501 1337 543 d.
1361 501 1576 542 duntaxat
1600 497 1730 552 recipi

179 572 475 627 permittimus
499 587 574 627 pro
599 572 751 613 labore.
815 572 893 612 Set
926 572 959 611 si
990 571 1162 627 aliquod
1195 571 1486 612 inventarium
1518 570 1726 611 bonorum

179 641 476 696 cuiuscunque
519 641 712 682 defuncti
752 642 795 681 in
839 647 1037 696 compoto
1082 640 1197 680 xxxta
1239 640 1470 680 solidorum
1515 652 1729 679 summam

181 711 423 766 reperiatur
447 710 654 751 excedere
669 711 783 766 quod
800 717 944 751 tamen
969 710 1022 751 ad
1041 725 1062 750 c
1079 709 1236 750 solidos
1256 710 1434 749 minime
1457 707 1732 755 extendatur,

181 796 256 836 pro
284 787 481 836 compoto
511 788 555 821 et
584 780 763 832 agendis
786 780 987 821 omnibus
1009 780 1120 820 circa
1143 779 1283 833 ipsum
1316 778 1731 833 acquietanciarum-

180 864 265 904 que
300 849 455 889 litteris
487 864 562 890 seu
596 849 690 889 aliis
723 849 1055 903 quibuscunque
1088 848 1279 903 episcopi
1311 854 1388 888 aut
1420 846 1623 887 ordinarii
1656 861 1730 887 seu

181 919 383 974 deputati
405 920 459 960 ab
481 919 542 960 eis
566 928 609 959 ct
632 919 861 960 audientes
879 925 1125 973 compotum
1148 918 1213 959 vel
1233 918 1420 958 ministri
1437 918 1512 958 alii
1535 923 1732 972 compoto

183 989 432 1030 huiusmodi
457 988 737 1029 intendentes
760 989 875 1029 ultra
899 988 953 1043 xij
981 989 1018 1030 d.
1042 989 1231 1043 recipere
1255 1003 1339 1028 non
1355 993 1621 1043 presumant.
1684 987 1732 1027 Si

182 1074 281 1099 vero
304 1074 325 1098 c
340 1059 571 1099 solidorum
591 1073 805 1099 summam
826 1064 903 1098 aut
922 1059 1047 1109 ultra,
1066 1058 1210 1099 minus
1228 1064 1375 1099 tamen
1393 1073 1449 1098 xx
1473 1057 1732 1112 [librarum]‚

182 1129 260 1169 hec
293 1128 410 1170 dicta
444 1129 696 1170 contineant
734 1129 989 1176 inventaria,
1021 1134 1218 1183 compoto
1261 1128 1540 1169 intendentes
1579 1135 1623 1168 et
1657 1127 1730 1167 alii

182 1199 367 1254 predicti
390 1214 466 1254 pro
489 1199 678 1254 ipsorum
707 1199 851 1240 labore
874 1214 921 1240 ac
936 1198 1365 1254 acquientanciarum
1394 1197 1551 1239 litteris
1580 1204 1624 1237 et
1638 1196 1734 1237 aliis

181 1268 438 1323 supradictis
467 1268 599 1309 trium
632 1268 862 1309 solidorum
892 1268 1171 1324 percepcione
1200 1268 1378 1323 penitus
1401 1273 1503 1307 sunt
1525 1266 1732 1307 contenti.

184 1339 231 1379 Si
264 1353 362 1379 vere
391 1337 471 1378 xxti
494 1338 624 1379 libras
653 1344 730 1379 aut
762 1339 887 1388 ultra,
914 1338 1059 1379 minus
1089 1345 1236 1379 tamen
1266 1337 1493 1393 sexaginta
1524 1336 1730 1378 librarum

183 1423 411 1457 summam,
435 1408 550 1448 ultra
577 1409 770 1463 quinque
800 1408 957 1449 solidos
986 1423 1062 1464 pro
1086 1408 1228 1450 labore
1253 1407 1409 1448 litteris
1439 1414 1483 1448 et
1507 1407 1732 1462 scripturis

182 1480 279 1520 aliis
302 1494 382 1519 non
402 1479 592 1520 habebit.
631 1479 756 1530 Quod
775 1479 811 1520 si
826 1479 1055 1534 sexaginta
1074 1478 1278 1519 librarum
1296 1484 1373 1518 aut
1391 1478 1577 1532 amplius
1592 1477 1734 1518 minus

182 1555 327 1588 tamen
359 1563 379 1588 e
414 1547 618 1588 librarum
651 1562 865 1589 summam
896 1548 1120 1603 attingant
1152 1546 1399 1587 huiusmodi
1433 1546 1677 1586 inventaria
1709 1561 1733 1586 x

183 1618 342 1659 solidos
364 1633 440 1673 pre
463 1618 683 1673 premissis
706 1619 919 1673 recipiant
937 1625 981 1659 et
1003 1633 1087 1658 non
1108 1618 1232 1659 ultra.
1285 1616 1332 1657 Si
1358 1632 1455 1657 vero
1477 1631 1691 1657 summam
1714 1631 1736 1656 c

182 1687 386 1728 librarum
405 1687 524 1729 dicta
541 1688 793 1729 contineant
811 1688 1057 1729 inventaria
1073 1702 1431 1742 quorumcunque
1448 1687 1563 1727 ultra
1580 1686 1735 1740 viginti

180 1757 336 1798 solidos
367 1772 442 1812 pro
473 1758 678 1812 predictis
708 1759 896 1813 recipere
919 1774 1003 1799 non
1035 1763 1298 1813 presumant,
1322 1757 1463 1797 clerici
1488 1763 1632 1797 tamen
1658 1772 1735 1811 pre

180 1826 364 1881 singulis
401 1828 798 1882 acquietaneiarum
836 1828 995 1869 litteris
1033 1843 1138 1883 quas
1176 1827 1370 1867 scribunt
1414 1827 1457 1866 in
1497 1826 1575 1867 hac
1612 1832 1734 1881 parte

182 1896 296 1936 ultra
318 1897 549 1951 premissos
565 1898 603 1952 vj
630 1898 827 1938 denarios
845 1898 1036 1952 accipere
1066 1912 1151 1937 non
1170 1896 1466 1951 permittimus
1489 1910 1564 1949 pro
1579 1895 1735 1937 labere.

183 1965 231 2007 Si
255 1980 354 2005 vero
372 1980 634 2021 quemquam
660 1967 700 2006 in
722 1967 867 2021 alique
883 1981 1062 2007 casuum
1081 1966 1373 2020 predictorum
1390 1964 1503 2004 ultra
1517 1978 1732 2004 summam

183 2042 456 2091 pretaxatam
507 2037 706 2091 quamvis
753 2036 1007 2090 eautela[m]
1055 2036 1098 2076 in
1148 2035 1334 2091 pecunia
1379 2040 1607 2076 numerata
1660 2050 1735 2075 seu

182 2105 311 2146 rebus
343 2104 439 2145 aliis
471 2105 696 2160 contingat
725 2105 929 2161 accipere,
951 2105 1134 2160 duplum
1168 2105 1261 2145 eius
1293 2103 1406 2159 quod
1440 2105 1592 2158 recipit
1623 2104 1737 2145 ultra

183 2174 342 2216 fabrice
365 2175 624 2215 cathedralis
653 2175 830 2215 ecclesie
861 2175 939 2215 leci
971 2175 1082 2215 infra
1105 2189 1294 2215 mensem
1321 2173 1499 2214 reddere
1523 2180 1734 2215 teneatur.

183 2245 391 2300 Alioquin
410 2260 461 2285 ex
481 2253 585 2285 tunc
603 2245 792 2300 episcopi
806 2245 987 2300 duplum
1008 2245 1150 2299 ipsum
1167 2244 1281 2284 ultra
1300 2243 1543 2298 predictum
1563 2250 1736 2298 tempus

183 2315 413 2356 restituere
437 2313 686 2355 differentes
710 2314 847 2355 sciant
870 2315 1112 2370 ingressum
1135 2313 1312 2354 ecclesie
1335 2313 1395 2354 eis
1417 2328 1509 2354 esse
1532 2313 1734 2355 interdic-

183 2391 292 2434 tum,
315 2385 538 2425 inferiores
562 2398 658 2424 vero
681 2384 734 2425 ab
758 2384 894 2425 officio
918 2391 962 2425 et
987 2384 1192 2425 beneficio
1215 2384 1414 2424 neverint
1436 2398 1480 2424 se
1496 2399 1736 2439 suspensos,

183 2469 406 2510 quousque
444 2455 497 2494 de
534 2453 666 2508 duple
705 2453 952 2494 huiusmodi
990 2453 1117 2493 dictis
1155 2452 1514 2507 cath[edralibus]
1548 2454 1735 2495 ecclesiis

184 2523 419 2577 plenariam
450 2521 791 2562 satisfaccionem
822 2521 1092 2576 impendunt.
1155 2520 1207 2561 In
1239 2535 1324 2576 qua
1347 2535 1444 2561 vero
1467 2521 1735 2575 probacione,

183 2592 510 2648 approbaeiene,
528 2598 572 2632 et
590 2591 887 2632 insinuacioue
907 2598 1267 2632 testamentorum
1288 2606 1644 2646 quorumcunque
1669 2593 1735 2632 vel

184 2670 333 2717 postea
366 2668 468 2702 ante
503 2661 897 2702 administracionis
927 2667 1223 2716 compotorum
1254 2660 1520 2701 reddicicncs
1551 2660 1737 2702 fideliter

186 2732 318 2773 factas
332 2731 728 2786 acquietanciarum
747 2731 889 2772 littere
904 2738 1265 2772 testamentorum
1282 2731 1584 2772 executoribus
1599 2731 1735 2772 nulla-

185 2809 313 2843 tenus
330 2800 622 2842 concedantur
638 2801 719 2841 sub
737 2815 848 2855 pena
865 2801 1157 2855 suspensionis
1174 2801 1227 2842 ab
1251 2802 1446 2857 ingressu
1467 2801 1642 2841 ecclesie
1661 2817 1737 2856 per

185 2886 258 2912 sex
267 2885 447 2921 menses,
457 2870 597 2922 Quam
610 2877 760 2912 centra
774 2871 980 2912 facientes
990 2871 1205 2912 incurrere
1216 2871 1413 2912 volumus
1430 2871 1521 2925 ipso
1538 2871 1648 2911 facto
1656 2879 1734 2913 etc.

277 2953 398 2986 C.A.S.
420 2954 544 2983 Octavo
563 2953 680 2984 Series.
729 2954 792 2984 No.
812 2953 981 2984 XLVIII.
1610 2954 1645 2982 ll
