1961 3202
69 1745 107 1785 p.
133 1732 214 1772 193

312 190 393 229 180
800 201 1043 231 s'rATUTUM
1076 201 1134 230 DE
1166 202 1353 232 DECIMIS

308 302 365 343 sit
396 317 421 343 a
451 308 552 358 qua1
581 303 781 358 parochia
814 318 912 344 oves
944 303 1015 344 ille
1050 311 1270 354 venerunt,
1300 303 1532 345 dividenda
1565 313 1630 344 est
1662 303 1841 350 decima,

309 372 543 413 secundum
566 373 679 428 quod
702 374 898 428 sequitur
920 374 1004 415 duo
1026 374 1253 415 domicilia.
1307 374 1372 415 De
1396 375 1505 415 lacte
1529 389 1626 415 vero
1645 374 1842 415 volumus

308 448 352 482 et
380 442 625 492 statuimus,
649 443 763 497 quod
793 443 957 483 decima
987 443 1178 483 solvatur
1207 443 1308 484 dum
1333 443 1459 484 durat
1483 451 1526 484 et
1549 443 1600 483 de
1624 458 1744 483 caseo
1766 456 1842 482 suo

308 516 500 565 tempore
533 518 576 552 et
608 511 659 551 de
698 512 809 552 lacte
846 511 888 552 in
928 518 1167 566 autumpno
1205 518 1249 552 et
1288 513 1440 567 hyeme
1478 513 1559 553 nisi
1596 511 1843 567 parochiani

308 586 626 634 competentem
657 580 793 621 velint
824 582 959 621 facere
990 581 1333 635 redempcionem
1366 597 1439 636 pro
1473 581 1633 622 talibus
1665 581 1841 622 decimis

308 656 351 689 et
384 649 461 690 hoc
493 650 544 690 ad
580 650 803 691 comodum
840 651 1028 692 ecclesie.
1091 650 1155 690 De
1191 651 1473 704 proventibus
1507 665 1603 690 vero
1636 649 1841 690 molendi-

308 734 456 759 norum
490 719 698 769 volumus,
726 719 837 773 (quod
864 719 1029 760 decime
1059 719 1289 760 solvantur.
1352 719 1418 760 De
1447 719 1649 767 artificiis,
1681 719 1842 759 scilicet

306 787 358 827 de
378 788 694 835 mercatoribus,
714 788 765 828 (le
785 788 900 828 lucro
919 787 1243 842 negociacionis,
1261 788 1460 828 similiter
1477 788 1529 828 ‹le
1552 787 1841 842 carpentariis,

307 858 588 905 cementariis,
627 858 767 905 fabris,
806 858 1061 906 textoribus,
1083 865 1127 899 et
1170 858 1368 898 omnibus
1410 858 1505 898 aliis
1547 858 1761 912 operariis,
1797 864 1841 897 ct

305 927 607 981 stipendiariis,
637 928 838 968 videlieet.
870 928 1035 968 decima
1063 928 1115 968 de
1145 930 1233 968 suis
1263 929 1492 983 stipendiis
1524 930 1734 983 exigatur,
1760 928 1839 968 nisi

306 997 385 1050 ipsi
408 997 677 1051 stipendiarii
709 997 872 1051 aliquid
900 1005 1063 1038 certum
1091 998 1225 1038 velint
1248 997 1348 1038 dare
1371 998 1595 1038 annuatim
1620 999 1670 1038 ad
1696 998 1841 1038 lumen

306 1066 491 1115 ecclesie,
519 1067 584 1107 vel
614 1067 666 1107 ad
697 1081 803 1121 opus
834 1067 1021 1114 ecclesie,
1045 1067 1079 1107 si
1107 1067 1261 1107 rectori
1292 1068 1466 1108 ecclesie
1496 1067 1714 1122 placuerit.
1776 1066 1841 1107 De

305 1136 492 1190 pasturis
513 1136 870 1191 autumpnalibus
894 1144 935 1176 et
960 1137 1140 1190 pascuis,
1162 1142 1249 1176 tam
1274 1137 1583 1185 communibus,
1605 1151 1732 1191 quam
1758 1150 1840 1175 non

305 1205 616 1254 communibus,
639 1206 885 1253 statuimus,
908 1206 1021 1259 quod
1053 1206 1217 1246 decime
1247 1206 1434 1247 fideliter
1456 1207 1676 1247 solvantur
1698 1213 1741 1246 et
1765 1206 1841 1246 hoc

304 1289 380 1329 per
408 1290 634 1316 nnmerum
665 1276 915 1316 animalium
949 1284 989 1316 et
1014 1276 1179 1316 dierum
1209 1277 1321 1316 sicut
1345 1276 1557 1331 exp[edit]
1581 1276 1767 1324 ecclesie,
1789 1290 1842 1315 ne

304 1343 466 1383 domini
484 1350 527 1384 et
546 1344 788 1398 parochiani
811 1345 967 1385 iustam
990 1344 1146 1385 habere
1164 1359 1335 1384 causam
1352 1345 1639 1399 conquerendi
1658 1352 1840 1399 possent.

304 1411 369 1452 De
397 1412 707 1466 piscacionibus
737 1413 1077 1461 autumnalibus,
1101 1419 1144 1454 et
1170 1413 1222 1454 de
1246 1414 1410 1468 apibus,
1434 1415 1545 1455 sicut
1568 1414 1619 1454 de
1643 1414 1840 1454 omnibus

302 1481 396 1521 aliis
412 1482 532 1522 bonis
547 1482 659 1523 iuste
674 1482 914 1536 adquisitis,
930 1498 1012 1538 que
1030 1490 1301 1531 renovantur,
1321 1483 1516 1524 volumus
1535 1490 1577 1524 et
1596 1484 1839 1531 statuimus,

302 1550 415 1605 quod
438 1551 614 1606 exigant
636 1551 846 1592 decimam
871 1559 913 1592 et
936 1551 987 1592 de

341 1638 508 1691 [breaks
540 1638 601 1692 off
627 1638 731 1685 ltere,
765 1654 791 1678 α
811 1639 902 1693 few
933 1638 1071 1679 words
1103 1654 1216 1680 ‘more
1249 1654 1299 1680 on
1327 1654 1369 1693 p.
1402 1641 1458 1679 40
1489 1654 1618 1694 supra
1654 1654 1691 1694 p.
1727 1639 1799 1692 16]

388 1725 437 1777 [c.
455 1725 584 1777 1401]
608 1724 747 1764 Tenor
766 1725 881 1765 laudi
900 1724 975 1765 lati
992 1739 1068 1779 per
1082 1725 1463 1779 Archiepiscopum
1481 1725 1835 1766 Cautuariensem

300 1795 413 1834 inter
435 1794 694 1848 Episcopum
720 1794 934 1835 Eliensem
959 1801 1002 1835 et
1021 1795 1381 1841 Archidiaconum
1404 1795 1619 1835 Eliensem
1643 1797 1838 1849 sequitur

300 1864 343 1904 in
365 1863 576 1918 scriptura
598 1863 913 1918 subsequentia.

384 1948 609 1990 Universis
641 1956 786 1990 sancte
822 1949 968 1990 matris
1008 1949 1200 1990 ecclesiie
1239 1950 1350 1997 filiis,
1383 1949 1437 1990 ad
1475 1965 1579 2004 quos
1616 1956 1836 2004 presentes

298 2019 421 2059 litere
444 2019 731 2073 pervenerint,
755 2018 953 2067 Thomas,
971 2019 1250 2073 permissione
1273 2019 1420 2059 divina
1442 2018 1677 2061 Cantuarie
1700 2020 1835 2059 archi-

297 2089 531 2143 episcopus,
568 2088 704 2128 tocius
748 2089 904 2143 Anglie
947 2089 1118 2143 primas,
1156 2096 1200 2130 et
1236 2089 1467 2143 apostolice
1506 2089 1619 2130 sedis
1657 2089 1834 2143 legatus,

297 2158 479 2199 salutem
509 2158 553 2198 in
587 2158 774 2199 Auctore
805 2158 968 2199 salutis.
1031 2159 1159 2199 Pater
1195 2158 1408 2199 mendacii
1442 2158 1672 2207 hominem,
1705 2173 1831 2213 quem

298 2227 416 2267 Deus
445 2236 608 2267 rectum
638 2227 691 2268 ab
722 2227 847 2268 inicio
880 2228 1052 2277 creavit,
1076 2229 1219 2283 sepius
1248 2243 1273 2268 a
1303 2229 1476 2268 tramite
1507 2243 1581 2269 sue
1604 2229 1834 2269 creacionis

296 2295 464 2345 avertit,
496 2310 609 2336 nunc
646 2311 721 2350 per
757 2296 957 2337 illicitum
991 2299 1237 2352 appetitum
1277 2297 1527 2338 dominandi
1559 2297 1752 2338 indebite
1789 2306 1833 2339 et

295 2365 521 2407 resistendi
545 2365 716 2414 iniuste,
738 2381 850 2407 nunc
873 2382 970 2407 vero
993 2382 1068 2422 per
1090 2367 1285 2422 querelas
1307 2367 1586 2407 dissencionis
1608 2375 1651 2407 et
1674 2367 1831 2417 licium,

294 2449 399 2490 quas
425 2434 678 2475 multociens
708 2435 821 2489 parit
843 2436 1049 2477 effrenata
1078 2436 1303 2489 cupiditas,
1327 2436 1439 2476 unde
1468 2436 1580 2476 inter
1606 2436 1714 2476 filios
1736 2436 1830 2476 Ade

293 2503 485 2545 caritatis
507 2504 789 2559 refrigerium,
808 2505 921 2560 quod
947 2521 1027 2560 pax
1051 2506 1201 2560 quieta
1224 2505 1478 2554 nutriverat,
1501 2505 1630 2545 abicit
1654 2505 1831 2545 molesta

292 2573 513 2621 dissencio,
545 2587 592 2613 ac
630 2573 740 2614 bona
776 2589 1028 2628 pauperum,
1061 2590 1145 2630 que
1183 2575 1264 2615 viri
1302 2574 1591 2623 ecclesiastici,
1624 2582 1827 2628 tanquam

292 2642 606 2697 dispensatores
636 2644 802 2696 providi
831 2651 875 2685 et
904 2645 1063 2695 fideles,
1091 2645 1229 2686 multo
1262 2645 1404 2686 studio
1436 2645 1479 2685 in
1510 2659 1639 2699 opera
1668 2644 1829 2684 miseri-

291 2711 431 2752 cordie
447 2718 490 2752 et
504 2712 696 2752 caritatis
710 2720 1022 2762 converterent,
1037 2714 1271 2768 iurgiorum
1290 2714 1490 2769 voragine
1505 2720 1830 2754 consumuntur.

294 2781 386 2823 Hec
428 2788 472 2821 et
512 2781 606 2830 alia,
640 2797 713 2835 per
749 2797 832 2837 que
871 2784 1105 2824 offenditur
1141 2783 1256 2838 pacis
1294 2792 1452 2831 auctor,
1485 2782 1558 2837 qui
1595 2782 1647 2823 de
1686 2782 1828 2822 Patris

954 2872 962 2892 1
989 2874 1062 2904 MS.
1081 2873 1208 2915 aliqua.
