1961 3202
287 175 367 215 196
761 182 958 212 LAUDUM
990 180 1337 210 ARCHIEPISCOPI

285 286 353 327 die
378 286 543 335 ultimo,
575 286 617 326 in
642 299 810 326 camera
833 283 1060 338 principali
1088 282 1269 322 manerii
1296 282 1349 323 de
1374 282 1603 330 Lamheth,
1624 282 1740 330 dum,
1762 280 1820 321 sic

287 362 336 395 ut
364 355 560 409 superius
590 354 812 402 recitatur,
835 368 909 407 per
938 352 1108 392 eosdem
1140 352 1251 392 lecte
1281 357 1324 392 et
1354 351 1502 392 habite
1524 352 1712 399 fuerunt,
1736 365 1821 391 una

286 439 383 464 cum
406 422 718 479 prenominatis
742 422 1006 471 consiliariis,
1025 428 1067 461 et
1090 421 1289 469 testibus,
1312 435 1487 475 presens
1510 421 1582 469 fui,
1606 434 1741 474 eaque
1764 419 1822 459 sic

286 492 378 533 fieri
401 492 501 543 vidi,
523 498 567 533 et
589 492 747 539 audivi,
771 492 814 532 in
837 491 1150 546 prothocollum
1174 490 1327 544 recepi,
1345 489 1526 544 ideoque
1550 490 1628 529 hoc
1650 502 1823 543 presens

287 562 624 602 instrumentum
662 561 763 602 inde
801 562 1057 610 confectum,
1095 575 1171 615 per
1208 560 1340 600 alium
1376 559 1563 600 fideliter
1599 558 1821 612 scriptum,

286 631 515 686 publicavi,
553 638 596 672 et
639 631 683 671 in
726 631 834 672 hanc
871 631 1089 686 publicam
1128 631 1306 671 formam
1345 629 1501 683 redegi,
1535 629 1743 682 signoque
1780 633 1823 668 et

285 702 457 742 nomine
490 701 596 741 meis
628 701 768 742 solitis
800 707 843 741 et
876 700 1107 749 consuetis,
1139 715 1226 740 una
1262 714 1357 739 cum
1397 699 1658 754 appensione
1695 696 1826 752 sigilli

285 770 389 811 dicti
421 770 806 824 rev[erendissimi]
840 769 974 823 patris
1007 784 1053 809 ac
1085 769 1138 809 de
1173 768 1377 808 mandato
1411 768 1617 816 eiusdem,
1647 767 1823 820 signavi,

284 846 457 895 rogatus
489 840 532 880 in
565 840 693 880 fidem
727 846 771 880 et
803 838 1102 880 testimonium
1136 838 1329 878 omnium
1363 837 1680 892 premissorum.

372 977 444 1030 [xv
460 977 506 1030 c.]
563 976 730 1016 Minora
752 975 931 1015 crimina
958 974 1170 1015 adulterio
1194 980 1297 1014 sunt
1320 974 1427 1013 ista:
1463 972 1673 1020 videlicet,
1697 972 1825 1012 forni-

285 1045 412 1093 cacio,
444 1051 572 1099 prout
604 1045 849 1099 specialiter
880 1044 1146 1097 intelligitur
1178 1043 1219 1083 in
1254 1042 1405 1083 illicito
1435 1042 1549 1082 coitu
1586 1041 1825 1089 viduarum,

287 1113 574 1161 meretricum,
597 1113 664 1153 vel
686 1112 1020 1153 concubinarum
1042 1126 1049 1152 :

372 1182 484 1222 Item
507 1188 718 1236 stuprum,
741 1182 852 1237 quod
878 1181 1048 1236 proprie
1073 1188 1137 1222 est
1162 1181 1378 1236 virginum
1402 1180 1555 1220 illicita
1572 1179 1822 1220 defloracio:

372 1251 484 1292 Item
516 1251 753 1306 periurium
786 1258 827 1291 et
858 1251 955 1291 fidei
987 1251 1104 1299 lesio,
1128 1251 1169 1290 in
1201 1250 1358 1305 quibus
1381 1249 1617 1290 secundum
1642 1264 1825 1289 canones

285 1321 424 1361 minor
445 1336 556 1376 pena
577 1320 816 1376 imponitur
838 1335 966 1375 quam
992 1335 1066 1376 pro
1089 1320 1313 1361 adulterio.

912 1390 1074 1430 Maiora
1106 1396 1204 1430 sunt

373 1460 560 1507 Heresis,
590 1459 794 1513 symonia,
826 1458 1053 1512 ydolatria,
1083 1458 1311 1513 apostasia,
1341 1458 1574 1513 sacrilegia,
1603 1457 1824 1497 blasfemie

286 1528 369 1568 Dei
406 1535 449 1568 et
487 1534 745 1575 sanctorum,
778 1527 1060 1582 sortilegium,
1095 1527 1390 1574 homicidium,
1422 1527 1622 1575 incestus,
1656 1538 1699 1567 et
1739 1527 1825 1566 voti

286 1597 499 1637 castitatis
542 1597 705 1645 fraccio,
744 1605 785 1636 et
829 1597 1091 1651 generaliter
1134 1597 1277 1637 omnia
1321 1597 1513 1645 crimina,
1551 1612 1625 1650 pro
1668 1597 1825 1651 quibus

285 1667 454 1721 gravior
478 1681 587 1721 pena
609 1666 848 1720 imponitur
875 1666 1110 1706 secundum
1137 1681 1329 1714 canones,
1352 1682 1479 1721 quam
1505 1682 1580 1720 pro
1603 1666 1823 1707 adulterio.

373 1776 400 1814 (Ῑ
425 1775 725 1816 Iuramentum
772 1774 968 1828 magistri
1007 1774 1222 1815 Glomerie
1270 1774 1599 1829 Cantebr[igie].
1662 1775 1823 1815 Memo-

284 1844 463 1885 randum
488 1844 602 1899 quod
626 1843 699 1897 xiij
726 1843 794 1884 die
819 1843 1079 1884 Novembris
1101 1859 1214 1884 armo
1241 1838 1403 1884 domini
1431 1849 1488 1884 m⁰
1510 1849 1649 1885 ccccm
1671 1845 1823 1898 quinto

286 1914 462 1963 decimo,
504 1914 548 1954 in
599 1914 723 1954 domo
777 1913 1049 1968 registr[ari]i
1092 1913 1254 1953 domini
1302 1914 1591 1954 archidiaconi
1641 1914 1824 1954 Eliensis

286 1983 614 2038 Cantebr[igie],
637 1983 845 2037 magister
873 1982 1088 2023 Iohannes
1116 1983 1324 2035 Boner(?)
1352 1983 1396 2023 in
1425 1983 1592 2023 artibus
1619 1984 1824 2038 magister

284 2054 577 2094 iuramentum
622 2052 815 2106 prestitit
858 2052 1031 2092 domino
1074 2052 1263 2092 Roberto
1311 2053 1646 2107 Wetheryngset
1687 2053 1823 2093 archi-

285 2123 461 2163 diacono
481 2121 656 2169 Eliensi,
673 2121 786 2176 quod
806 2121 958 2175 incipit
978 2128 1024 2161 tu
1043 2121 1205 2161 iurabis
1229 2130 1318 2170 etc,
1338 2129 1531 2176 tempore
1554 2121 1824 2163 admissionis

284 2206 358 2232 sue
387 2191 431 2231 in
463 2191 719 2245 magistrum
751 2190 966 2231 Glomerie
996 2194 1136 2230 coram
1169 2190 1222 2232 M.
1255 2191 1449 2231 Iohanne
1479 2191 1696 2245 Wittilsey
1719 2197 1823 2231 tunc

286 2260 454 2301 officiali
483 2260 771 2301 archidiaconi
801 2260 994 2314 predicti,
1022 2261 1296 2315 presentibus
1325 2261 1521 2301 discretis
1552 2262 1651 2301 viris
1683 2262 1822 2302 Alano

285 2329 404 2384 Pyke
442 2329 554 2369 socio
590 2329 687 2370 aule
719 2329 833 2383 regie
866 2336 909 2369 et
943 2329 1135 2370 Iohanne
1166 2329 1349 2384 Ienyver
1381 2330 1591 2384 literat[o]
1626 2331 1823 2371 Lincoln-

285 2397 436 2452 [ensis]
459 2404 503 2438 et
525 2397 851 2451 Norwic[ensis]
874 2397 1093 2452 dioc[esis]
1117 2405 1160 2438 et
1183 2414 1250 2439 me
1274 2398 1306 2440 I.
1331 2398 1528 2453 Depyng.
1593 2402 1641 2449 »Β

372 2500 400 2538 {l
425 2499 751 2539 Memorandum
785 2499 897 2553 quod
930 2500 1274 2554 antepenultimo
1308 2500 1376 2541 die
1409 2501 1568 2541 mensis
1598 2501 1822 2542 Februarii

285 2581 396 2607 anno
418 2566 581 2606 domini
605 2571 665 2606 111Ο
683 2572 820 2606 cccc¹¹¹0
838 2567 1002 2621 xxviij),
1020 2567 1064 2607 in
1089 2568 1213 2608 domo
1236 2568 1511 2623 registr[ari]i
1533 2568 1820 2609 archidiaconi

286 2635 507 2689 Elien[sis]
539 2636 595 2676 M.
619 2635 834 2676 Iohannes
863 2637 981 2691 Dyer
1010 2637 1051 2677 in
1076 2638 1242 2678 artibus
1266 2639 1471 2692 magister
1493 2638 1684 2692 prestitit
1706 2638 1820 2678 dicto

285 2705 457 2745 domino
487 2705 784 2746 archidiacono
814 2706 1122 2755 iuramentum,
1144 2708 1255 2762 quod
1288 2707 1441 2762 incipit
1472 2714 1516 2747 tu
1547 2707 1706 2747 iurabis
1729 2713 1819 2757 etc,

285 2780 477 2829 tempore
500 2774 768 2830 admissionis
790 2789 864 2815 sue
891 2777 935 2816 in
967 2777 1221 2831 magistrum
1247 2777 1463 2818 Glomerie
1486 2791 1621 2817 coram
1651 2776 1817 2817 officiali

286 2849 485 2897 presente
509 2857 576 2883 me
599 2843 643 2883 T.
669 2843 954 2898 Remyngton.
